2400 3922
409 202 430 256 Ι.
452 201 657 258 hiuhmans,
686 209 710 258 7.
730 211 755 259 8.
1065 204 1083 266 7

75 349 175 414 verba
193 346 273 411 lecit
286 345 388 410 frater
402 346 470 410 eius
486 344 688 431 Stesagoras.
712 368 808 412 causa
822 349 954 432 cognita
968 349 1084 433 capitis
1104 365 1120 413 e

74 437 247 501 absolutus
265 434 402 517 pecunia
420 434 580 498 multatus
595 438 654 518 est,
673 455 773 517 eaque
791 435 833 498 lis
848 436 1086 522 quinquaginta

74 524 210 588 talentis
239 522 413 587 aestimata
441 524 503 605 est,
536 526 677 605 quantus
709 522 744 585 in
772 523 908 587 classem
936 529 1085 608 sumptus

74 612 182 678 faetus
202 613 281 675 erat.
313 610 398 674 hane
411 610 582 692 pecuniam
602 609 688 693 quod
706 611 830 675 solvere
848 611 883 674 in
901 612 1086 694 praesentia

73 720 142 764 non
167 701 313 782 poterat,
346 698 381 760 in
407 698 514 761 vincla
540 697 672 781 publica
700 699 865 763 coniectus
893 702 944 762 est
976 699 1085 782 ibique

75 787 162 851 diem
186 785 270 850 obiit
294 807 489 868 supremum.

165 873 228 938 Hic
251 873 314 937 etsi
338 873 471 936 erimine
490 871 587 936 Pario
611 877 662 936 est
685 879 866 958 accusatus,
888 878 999 938 tamen
1021 874 1124 938 alia8

75 983 174 1026 causa
196 961 260 1025 fnit
283 960 511 1025 damnationis.
549 981 688 1043 namque
711 960 928 1026 Athenienses
951 967 1086 1045 propter

74 1049 243 1114 Pisistrati
266 1048 484 1132 tyrannidem,
515 1069 597 1131 quae
620 1048 731 1131 paucis
756 1049 848 1114 annis
871 1053 947 1114 ante
970 1049 1085 1133 fuerat,

73 1138 211 1203 nimiam
231 1136 350 1200 civium
369 1156 502 1200 suorum
519 1136 701 1218 potentiam
720 1137 984 1203 extimescebant.
1013 1137 1085 1201 Mil·
1104 1153 1120 1201 a

74 1225 190 1308 tiadas,
213 1225 353 1289 multum
376 1224 410 1287 in
432 1222 579 1306 imperiis
598 1224 909 1309 magistratibusque
927 1229 1086 1309 versatus,

74 1334 142 1378 non
168 1312 341 1376 videbatur
367 1332 464 1394 posse
492 1332 562 1375 esse
593 1312 755 1396 privatus,
786 1313 979 1396 praesertim
1012 1335 1085 1378 cnm

76 1400 309 1466 consuetudine
338 1398 377 1462 ad
405 1398 533 1482 imperii
563 1399 775 1483 cupiditatem
803 1401 889 1464 trahi
912 1400 1085 1465 videretur.

75 1510 153 1553 nam
174 1489 210 1552 in
228 1485 431 1552 Chersoneso
455 1507 567 1550 omncs
590 1486 665 1550 illos
690 1508 771 1570 quos
794 1487 960 1551 habitarat
983 1504 1120 1553 annosa

75 1579 267 1660 perpetuam
278 1575 464 1640 obtinuerat
478 1573 732 1639 dominationem
747 1578 969 1658 tyrannusque
978 1575 1086 1640 fuerat

76 1664 274 1748 appellatus,
298 1662 354 1727 sed
377 1661 494 1726 iustus:
536 1683 602 1726 non
625 1662 806 1725 eratenim
828 1662 861 1726 vi
884 1666 1086 1746 consecutus,

76 1753 133 1817 sed
152 1772 286 1815 suornm
304 1750 482 1833 voluntate,
503 1769 638 1832 eamque
656 1752 855 1832 potestatem
872 1749 1020 1814 bonitate
1039 1771 1086 1814 re-

75 1841 212 1904 tinebat.
242 1858 355 1903 omnes
374 1840 483 1901 autem
502 1840 535 1900 et
553 1837 705 1903 dicuntur
719 1840 752 1902 et
769 1838 931 1902 habentur
945 1838 1085 1922 tyranni,

76 1928 133 2011 qui
156 1929 322 2011 potestate
345 1928 422 1990 sunt
439 1928 597 2009 perpetua
614 1927 649 1989 in
668 1947 706 1990 ea
724 1926 866 2009 civitate,
890 1947 972 2010 quae
990 1926 1085 1990 liber-

76 2019 146 2080 tate
170 2035 231 2079 usa
253 2016 312 2078 est.
345 2012 454 2077 sedin
472 2011 619 2077 Miltiade
638 2016 709 2077 erat
728 2035 802 2079 eum
825 2035 952 2078 summa
974 2014 1120 2078 huma-4

76 2103 164 2168 nitas
193 2105 263 2167 tum
291 2101 374 2165 mira
401 2101 632 2185 communitas,
663 2104 702 2165 nt
730 2123 825 2166 nemo
854 2105 923 2165 tam
950 2101 1085 2166 humilis

77 2193 178 2273 esset,
207 2190 258 2253 cui
284 2209 351 2253 non
374 2187 414 2252 ad
437 2209 511 2253 eum
534 2189 642 2253 aditus
664 2193 806 2274 pateret3
836 2210 954 2276 magna
977 2194 1086 2255 aucto

77 2281 158 2343 ritas
187 2277 272 2360 apud
300 2297 412 2341 omnes
441 2276 605 2360 civitates,
635 2277 745 2341 nobile
775 2297 907 2360 nomen,
939 2277 1011 2341 laus
1038 2278 1086 2341 rei

78 2365 231 2430 militaris
246 2364 395 2429 maxima.
424 2364 505 2429 haec
518 2364 659 2449 populus
673 2364 848 2446 respiciens
863 2365 979 2427 maluit
991 2364 1086 2428 illum

77 2453 246 2520 innoxium
270 2452 370 2536 plecti
394 2473 492 2534 quam
516 2472 550 2516 se
573 2451 696 2515 diutius
720 2471 790 2514 esse
812 2450 848 2515 in
870 2451 996 2514 timore.

361 2752 407 2825 Il.
436 2751 804 2827 THEMISTOOLES.

166 2888 417 2974 Themistocles,
449 2887 564 2954 Neocli
591 2890 692 2974 filius,
724 2889 943 2956 Atheniensis.
988 2892 1120 2957 huius]

76 2979 159 3044 vitia
177 2977 320 3043 ineuntis
340 2978 576 3043 adulescentiae
597 2978 723 3064 magnis
743 2984 819 3044 sunt
838 2979 1008 3045 emendata
1025 2979 1087 3043 vir·

75 3066 221 3149 tutibus,
249 3066 327 3131 adeo
350 3070 389 3130 nt
411 3065 613 3130 anteferatur
634 3065 710 3131 huic
732 3088 841 3151 nemo,
869 3068 964 3152 pauci
991 3088 1085 3150 pares

75 3158 244 3238 putentur.
295 3153 350 3218 sed
378 3155 419 3218 ab
452 3153 547 3219 initio
580 3158 630 3218 est
662 3153 843 3219 ordiendns.
895 3159 989 3239 pater
1017 3154 1120 3219 eiusa

75 3241 218 3308 Neocles
242 3262 418 3328 generosus
441 3241 514 3306 fnit.
550 3242 579 3306 is
602 3263 736 3307 uxorem
755 3242 959 3306 Acarnanam
983 3240 1085 3304 civem

75 3331 180 3414 duxit,
203 3351 243 3394 ex
266 3350 331 3413 qua
347 3334 445 3394 natus
464 3333 515 3394 est
533 3328 777 3395 Themistocles.
812 3330 868 3411 qui
887 3348 960 3392 cum
978 3327 1085 3392 minus

75 3421 165 3484 esset
188 3417 348 3502 probatus
370 3417 571 3502 parentibus,
595 3418 680 3501 quod
699 3421 732 3481 et
750 3416 884 3480 liberius
903 3415 1033 3479 vivebat
1052 3419 1086 3479 et

75 3527 146 3570 rem
169 3505 367 3571 familiarem
389 3506 600 3593 neglegebat,
626 3527 647 3572 a
671 3508 770 3590 patre
797 3502 1024 3566 exheredatus
1045 3504 1115 3558 aaa.
