2400 3922
20 253 22 258 ·
147 221 190 286 36
508 219 555 275 IX.
575 218 707 276 OONON.
735 225 759 276 4.
776 225 792 274 ὅ

148 365 264 448 opibus
292 363 517 448 praefuturum
544 385 581 428 ac
604 385 713 428 secum
742 361 971 427 dimicaturum
993 360 1155 445 ridebant,

148 474 245 536 quem
271 473 375 536 neque
403 452 538 518 consilio
566 472 670 535 neque
698 450 799 536 copiis
830 471 980 534 superare
1012 454 1155 532 possent.

112 541 209 606 chao
237 545 344 605 mente
372 561 525 625 magnam
553 539 750 605 contrahunt
772 539 922 603 classem.
949 536 1156 621 proficiscun-

148 632 203 692 tur
225 616 383 694 Pisandro
407 629 494 694 duce
532 627 594 692 hos
617 625 731 692 Conon
754 626 838 710 apud
862 624 1000 692 Cnidum
1023 624 1155 690 adortus

148 737 267 802 magno
290 717 414 801 proelio
442 715 550 802 fugat,
577 716 664 780 mult
647 718 699 780 tas
721 736 820 780 naves
844 715 944 798 capit,
972 714 1155 797 complures

148 804 310 889 deprimit.
343 826 408 888 qua
424 804 562 869 victoria
574 825 641 868 non
656 803 762 868 solum
775 802 933 886 Athenae,
952 801 1007 866 sed
1028 801 1154 884 [etiam]

148 898 265 959 cuncta
283 891 427 976 Graecia,
446 913 528 976 quae
547 892 607 956 sub
626 890 955 956 Lacedaemoniorum
972 888 1107 953 fuerat
1098 911 1156 955 rm·

113 997 129 1048 5
147 982 248 1066 perio,
261 981 401 1045 liberata
414 983 473 1044 ast
498 977 613 1045 Conon
626 1001 699 1044 cum
713 983 806 1063 parte
820 979 952 1043 navium
966 977 1001 1042 in
1014 978 1155 1062 patriam

148 1069 250 1153 venit,
277 1089 387 1132 muros
410 1067 536 1132 dirutos
561 1089 580 1131 a
602 1065 770 1151 Lysandro
793 1068 1026 1151 utrosque,et
993 1065 1155 1131 etPiraei

147 1159 181 1219 et
199 1119 412 1239 Athenarum,
435 1155 624 1220 reficiendos
648 1158 741 1219 curat
762 1155 980 1239 pecuniaeque
1000 1154 1155 1237 quinqua·

147 1243 241 1329 ginta
267 1243 405 1327 talenta,
435 1264 516 1327 quae
540 1265 559 1307 a
581 1242 791 1307 Pharnabazo
820 1247 1002 1327 acceperat,
1030 1242 1154 1307 civibus

150 1331 217 1396 suis
240 1330 348 1395 donat.

112 1419 134 1485 5
236 1416 366 1484 Accidit
387 1419 477 1503 huie,
505 1419 590 1502 quod
614 1418 729 1483 ceteris
753 1418 960 1502 mortalibus,
987 1422 1025 1482 ut
1048 1418 1155 1482 incon·

148 1506 320 1571 sideratior
346 1507 381 1572 in
408 1506 547 1571 secunda
575 1527 671 1590 quam
693 1507 730 1570 in
751 1506 885 1571 adversa
907 1509 993 1570 esset
1015 1504 1154 1573 fortuna

147 1616 224 1660 nam
251 1595 354 1660 classe
380 1593 691 1680 Peloponnesiorum
718 1594 857 1677 devicta,
885 1615 959 1658 cum
985 1593 1092 1659 ultum
1120 1616 1153 1659 se

147 1683 283 1748 iniurias
312 1683 437 1767 patriae
464 1686 608 1767 putaret,
635 1683 730 1767 plura
757 1680 941 1766 concupivit
968 1702 1066 1765 quam
1089 1681 1155 1746 effi-

112 1787 219 1836 acere
251 1771 369 1855 potuit.
414 1791 518 1852 neque
549 1775 660 1834 tamen
687 1791 725 1834 ea
750 1791 817 1835 non
842 1769 897 1853 pia
924 1772 957 1834 ct
987 1769 1156 1852 probanda

147 1857 292 1940 fuenmt,
322 1856 408 1940 quod
430 1857 540 1940 potius
563 1857 688 1941 patriae
712 1856 928 1943 opes'augeri
948 1878 1045 1941 quam
1068 1858 1155 1943 regis

148 1945 273 2009 maluit.
317 1965 394 2008 nam
421 1965 495 2008 cum
522 1965 675 2030 magnam
703 1946 932 2010 auctoritatem
960 1945 1023 2009 sihi
1045 1966 1156 2031 pugna

148 2032 207 2095 illa
228 2031 350 2116 navali,
377 2053 475 2114 quam
498 2032 583 2117 apud
606 2031 744 2098 Cnidum
766 2032 902 2118 fecerat,
930 2033 1155 2099 constituisset

83 2153 88 2164 ·
147 2140 214 2184 non
237 2119 343 2183 solum
365 2120 450 2184 inter
472 2121 639 2205 barbaros,
663 2121 719 2186 sed
742 2122 842 2186 etiam
865 2142 976 2186 omnes
1000 2119 1154 2188 Graeciae

149 2207 312 2292 civitates,
348 2208 432 2272 elam
464 2208 539 2273 dare
572 2230 703 2293 operam
736 2210 858 2293 coepit,
894 2213 932 2274 ut
963 2206 1091 2273 ioniam
1122 2214 1155 2274 et

113 2311 129 2361 a
150 2293 298 2361 Aeoliam
316 2297 504 2361 restitueret
517 2295 781 2363 Atheniensibus.
815 2296 848 2361 id
867 2319 940 2362 cum
959 2297 1065 2362 minus
1085 2297 1154 2362 dili·

172 2387 264 2448 enter
282 2388 368 2449 esset
387 2385 539 2470 celatum,
554 2385 739 2470 Tiribazus,
751 2385 807 2468 qui
822 2383 978 2450 Sardibus
996 2390 1154 2470 praeerat,

149 2404 315 2537 {orionem
337 2474 493 2558 evocarit,
516 2474 672 2539 simulans
692 2473 732 2537 ad
750 2494 860 2559 regem
879 2494 952 2537 eum
971 2494 1006 2538 se
1024 2474 1153 2538 mittere

149 2561 230 2624 velle
249 2581 369 2646 magna
386 2561 425 2625 de
444 2583 487 2626 re.
523 2562 620 2626 huius
638 2561 753 2626 nuntio
776 2582 893 2646 parens
913 2582 986 2626 cum
1005 2562 1154 2645 venisset,

148 2649 183 2712 in
214 2649 321 2713 rinola
353 2649 517 2713 coniectus
544 2653 608 2734 est,
640 2650 674 2714 in
704 2649 821 2733 quibus
853 2650 1052 2733 aliquamdiu
1083 2649 1154 2715 fnit

113 2735 222 2798 einde
253 2736 402 2799 nonnulli
433 2757 507 2801 eum
536 2736 576 2800 ad
604 2758 713 2822 regem
738 2738 916 2802 abductum
943 2736 1053 2821 ibique
1081 2759 1154 2803 eum

147 2820 270 2904 perisse
294 2822 452 2922 scriptum
474 2824 684 2907 reliquenmt
725 2828 801 2889 cont
802 2847 839 2889 ra
861 2847 900 2890 ea
921 2824 1031 2890 Dinon
1052 2826 1153 2890 histo·

147 2909 248 2991 ricus,
276 2909 327 2972 cui
355 2931 415 2974 nos
439 2911 618 3011 plurimum
641 2912 679 2976 de
701 2911 841 2978 Persicis
864 2915 961 2978 rebus
986 2914 1153 2996 credimus,

147 2960 299 3081 effugisse
332 2998 481 3081 scripsit:
518 2999 599 3064 illud
636 3000 824 3086 addubitat,
861 3006 971 3066 utrum
1003 2963 1153 3066 'liribazd

148 3086 270 3150 sciente
294 3105 336 3149 an
357 3085 561 3169 imprudente
585 3087 629 3152 sit
650 3086 774 3173 factum

549 3334 752 3345 ..n—-un—-a-
