2400 3922
504 911 570 983 HX
595 908 736 984 LIBRO

232 1077 236 1082 “
309 1072 618 1161 ooRNuLn
662 1072 935 1162 NEPO'HS

347 1240 408 1306 ou
432 1239 611 1306 urruns
634 1239 895 1308 mssomers.

480 1490 607 1565 XXIV.
635 1491 767 1564 elue.

87 1632 104 1696 l
208 1629 251 1694 M.
271 1629 363 1715 Oato,
382 1635 473 1696 ortus
492 1630 668 1714 municipio
687 1628 837 1714 Tusculo,
856 1629 1128 1714 adulescentulus,

119 1719 309 1804 priusquam
336 1719 513 1784 honoribus
541 1739 673 1800 operam
700 1718 806 1802 deret,
837 1721 986 1783 versatus
1015 1722 1067 1782 est
1093 1719 1128 1782 in

121 1805 261 1890 Sabinis,
284 1807 370 1888 quod
393 1806 440 1869 ibi
461 1801 629 1868 heredium
652 1827 672 1868 a
694 1809 787 1889 petre
806 1805 957 1872 relictum
974 1805 1127 1870 habebat

120 1895 194 1959 inde
225 1894 361 1957 hortatu
388 1891 424 1954 L.
447 1890 571 1955 Valerii
598 1890 725 1977 Flacci,
762 1915 859 1976 quem
889 1894 924 1958 in
956 1894 1128 1958 consulatu

121 2001 319 2062 censuraque
346 1980 462 2043 habuit
490 1980 664 2065 collegam,
692 1984 730 2045 ut
757 1979 801 2046 M.
824 1981 993 2065 Perpenna
1019 2003 1128 2047 censo-

122 2069 190 2132 rius
213 2088 345 2132 narrare
370 2067 486 2132 solitus
510 2071 573 2152 est,
602 2067 742 2132 Romam
770 2069 964 2154 demigravit
986 2069 1022 2133 in
1044 2069 1129 2134 foro

86 2173 184 2240 aque
203 2177 273 2220 esse
292 2155 408 2239 coepit.
442 2156 584 2240 primum
607 2156 804 2240 stipendium
828 2157 947 2221 mansit
969 2179 1130 2223 annorum

121 2246 232 2310 decem
264 2249 461 2328 septemque.
507 2244 544 2321 Q.
571 2242 675 2309 Fabio
704 2243 748 2308 Μ.
771 2243 907 2310 Claudio
940 2245 1129 2310 consulibus

122 2333 272 2398 tribunus
291 2332 434 2398 militum
452 2333 486 2396 in
506 2330 617 2397 Sicilia
639 2330 711 2396 fuit.
747 2332 821 2396 inde
840 2337 878 2397 ut
896 2333 1002 2417 rediit,
1020 2337 1131 2399 castra

123 2426 252 2487 secutus
276 2426 327 2486 est
350 2420 384 2487 Ο.
408 2419 536 2487 Claudii
558 2419 712 2504 Neronis,
740 2421 914 2505 magnique
938 2422 1130 2505 operactus

123 2511 310 2576 existimate
337 2514 388 2574 est
416 2509 452 2573 in
482 2508 605 2592 proelio
638 2508 724 2592 apud
752 2507 883 2593 Senam,
916 2530 980 2592 quo
1013 2510 1131 2575 cecidit

88 2615 104 2663 a
123 2598 318 2681 Hasdrubal,
336 2597 439 2662 frater
452 2595 655 2661 Hannibalis.
687 2600 840 2680 quaestor
858 2595 981 2682 obtigit
993 2596 1029 2661 P.
1045 2597 1131 2662 Afri-

124 2708 204 2752 cano
232 2685 370 2769 consuli,
400 2707 474 2749 curn
503 2706 566 2768 quo
592 2706 659 2748 non
687 2705 747 2767 pro
771 2685 870 2748 sortis
892 2685 1131 2752 necessitudine

123 2774 226 2846 viria,
250 2794 389 2855 namque
413 2773 453 2836 ab
477 2793 515 2836 eo
537 2776 695 2856 perpetue
717 2771 871 2836 dissensit
893 2773 971 2837 vita.
1017 2773 1132 2839 aedilis

87 2877 105 2925 4
123 2860 231 2945 plebei
253 2859 360 2924 factus
384 2863 435 2923 est
457 2881 531 2923 cum
554 2859 588 2926 Ο.
611 2859 738 2923 Helvio.
775 2863 908 2942 praetor
929 2861 1132 2944 provinciam

125 2947 269 3013 obtinuit
297 2945 493 3030 Sardiniam,
521 2968 560 3010 ex
587 2968 651 3030 qua
679 2951 833 3030 quaestor
860 2947 1025 3033 superiore
1053 2954 1134 3014 tem·

124 3058 203 3122 pore
222 3057 262 3100 ex
274 3033 389 3099 Africa
407 3035 561 3099 decedam
581 3034 618 3111 Q.
632 3033 776 3099 Ennium
793 3040 926 3120 pettam
945 3027 1134 3122 deduxerat,
1154 3107 1158 3114 ,

125 3126 212 3210 quod
240 3146 306 3188 non
333 3122 468 3187 minoris
496 3122 707 3188 aestimamus
735 3144 833 3206 quam
860 3123 1040 3207 quemlibet
1069 3147 1135 3190 am·

124 3214 309 3299 plissimum
334 3209 572 3276 Sardiniensem
594 3211 805 3295 triumphum.

88 3302 112 3368 2
215 3298 430 3366 Consulatum
453 3299 556 3384 gessit
579 3321 652 3364 cum
674 3298 717 3389 L.
729 3297 861 3363 Valerio
880 3296 1008 3366 Flacco.
1045 3305 1135 3367 sorte

126 3388 327 3474 provinciam
349 3391 465 3453 nactus
484 3387 677 3470 Hispaniam
701 3387 885 3452 citeriorem
903 3407 943 3451 ex
959 3408 1000 3454 ea
1021 3388 1136 3455 trium·

83 3491 103 3512 ⁰
120 3476 221 3539 nbum
243 3475 439 3560 deportarit.
471 3474 518 3540 ibi
536 3496 610 3541 cum
629 3475 752 3540 diutius
766 3478 960 3552 moraretur,
973 3473 1010 3540 P.
1024 3473 1136 3557 Scipio
