2400 3922
403 228 463 284 xx.
481 228 680 286 amoenos.
708 235 734 286 s.
1035 235 1078 298 85

70 373 158 458 quod
185 373 322 457 quisque
348 373 461 457 vellet,
491 373 619 460 legibus
652 375 790 458 experiri
817 376 939 442 liceret.
983 377 1112 463 idem‚s

70 483 145 526 cum
172 461 304 544 quidam
331 460 504 545 Laphystii
532 461 662 546 similis,
693 463 823 529 nomine
850 464 1078 548 Demaenetus,

69 549 106 614 in
128 550 279 614 contione
302 549 414 633 populi
438 549 476 613 de
495 550 592 614 rebus
611 550 713 635 gestis
733 552 802 616 eius
821 552 990 617 detrahere
1009 574 1077 618 coe-

47 637 174 722 pisset
201 658 238 702 ac
264 637 421 702 nonnulla
449 636 655 702 inveheretur
682 638 717 703 in
743 638 964 725 Timoleonta,
995 641 1078 705 dixit

69 746 156 790 nunc
178 724 308 790 demum
331 746 365 789 se
388 724 458 804 voti
481 745 551 790 esse
575 725 776 791 damnatum:
806 748 945 811 namque
972 728 1035 794 hoc
1059 749 1079 792 a

70 812 121 877 dis
148 812 389 877 immortalibus
417 833 545 897 semper
574 817 756 899 precatum,
787 818 826 880 ut
853 816 953 880 talem
982 815 1077 880 liber·

70 904 175 965 tatem
192 902 380 966 restitueret
395 898 616 986 Syracusanis,
638 902 673 966 in
696 923 760 985 qua
782 903 884 968 cuivis
907 903 1021 970 liceret
1038 903 1077 969 de

71 1010 136 1072 quo
159 988 258 1053 vellet
280 990 361 1070 qaod
380 989 467 1054 valet
487 990 619 1073 impune
642 989 755 1054 dicere.

159 1076 223 1141 Hic
246 1098 320 1141 cum
342 1076 428 1142 diem
446 1098 632 1160 supremum
650 1077 784 1163 obisset,
805 1079 935 1162 publice
950 1101 969 1143 a
984 1076 1078 1163 Syra·
1095 1091 1113 1142 4

71 1164 200 1230 cusanis
228 1164 263 1229 in
285 1165 471 1265 gymnasie,
500 1164 587 1247 quod
608 1163 868 1242 Timoleonteum
886 1167 1078 1251 appellatur,

71 1256 145 1318 tota
167 1252 351 1318 celebrante
375 1251 495 1335 Sicrha
509 1251 656 1336 sepultus
679 1257 737 1317 est

360 1549 454 1622 XXI.
482 1548 546 1620 ΒΕ
572 1549 787 1623 REGIBUS.

161 1687 208 1753 Hi
220 1687 288 1752 fere
301 1685 432 1752 fuerunt
447 1684 588 1752 Graecae
602 1687 712 1773 gentis
724 1687 829 1772 duces,
848 1688 903 1773 qui
914 1689 1078 1754 memoria
1097 1689 1114 1754 1

70 1777 164 1865 digni
187 1776 365 1860 videantur,
386 1778 516 1860 praeter
539 1796 646 1861 reges:
674 1796 815 1859 namque
838 1796 893 1841 eos
916 1776 1077 1863 attingere

70 1865 246 1948 noluimus,
269 1863 355 1947 quod
378 1864 523 1928 omnium
540 1883 592 1928 res
611 1867 723 1949 gestae
741 1865 918 1948 separatim
936 1869 1077 1930 suntne

71 1956 167 2019 latae.
198 1973 302 2035 neque
325 1955 435 2016 temen
456 1951 481 2014 ii
499 1950 672 2016 admodum
690 1956 767 2017 sunt
785 1953 890 2018 multi.
921 1951 1077 2027 Lacedae
1096 1967 1113 2016 a

72 2041 201 2106 menius
225 2041 337 2103 autem'
355 2038 529 2124 Agesilaus
556 2040 700 2124 nomine,
727 2061 795 2105 non
820 2044 985 2125 potestate
1012 2040 1077 2106 fuit

73 2152 139 2213 rex,
162 2129 247 2193 sicut
266 2127 365 2192 ceteri
380 2124 541 2210 Spartani.
575 2149 615 2191 ex
632 2128 673 2191 iis
692 2149 778 2212 vero,
801 2129 856 2212 qui
875 2128 1078 2195 dominatum

72 2217 209 2309 imperio
224 2218 407 2297 tenuerunt,
430 2213 693 2278 excellentissimi
710 2214 851 2299 fuenmt,
868 2220 907 2280 ut
919 2238 979 2282 nos
998 2217 1078 2282 iudi·

74 2326 194 2388 camus,
206 2302 379 2368 Persarum
393 2299 497 2385 Cyrus
512 2305 546 2366 et
558 2299 686 2385 Darius,
704 2299 864 2385 Hystaspi
881 2303 978 2387 filius,
1001 2324 1078 2385 quo-

73 2414 146 2458 rum
159 2395 294 2475 uterque
307 2389 454 2475 privatus
468 2389 589 2454 virtute
603 2409 739 2473 regnum
752 2393 804 2453 est
817 2389 962 2474 adeptus.
988 2389 1079 2473 prior

73 2480 191 2546 horum
213 2479 298 2564 apud
315 2476 517 2564 Massagetas
540 2477 576 2541 in
597 2476 721 2561 proelio
740 2475 865 2561 cecidit,
886 2474 1007 2542 Darius
1031 2497 1077 2541 se

72 2571 204 2634 nectute
236 2566 322 2631 diem
350 2566 433 2630 obiit
465 2586 659 2650 supremum.
704 2567 771 2628 tres
804 2568 880 2629 sunt
910 2568 1113 2648 praetereas

73 2656 217 2721 eiusdem
240 2654 360 2740 gentis:
382 2652 504 2719 Xerxes
527 2656 561 2717 et
583 2653 646 2717 duo
665 2652 874 2736 Artaxerxae,
896 2649 1079 2717 Macrochir

74 2743 265 2830 cognomine
279 2748 313 2807 et
326 2741 488 2807 Mnemon.
511 2740 611 2806 Xerxi
624 2741 763 2805 maxime
778 2744 828 2805 est
841 2740 978 2825 illustre,
992 2740 1078 2826 quod
1104 2809 1108 2817 ,

73 2832 223 2933 maximis
237 2831 495 2932 posthominum
508 2830 698 2932 memoriam
712 2827 906 2930 exercitibus
916 2832 1004 2931 terra
1013 2849 1079 2894 ma

72 2915 1115 3108 realillaaadtrereslltrsabdaad⁴

57 3092 1079 3248 -dtlttimldtlllttd”dittdtdtltltdt

71 3271 161 3336 fama
173 3272 293 3335 floruit.
311 3291 388 3334 nam
398 3291 472 3333 cum
485 3269 600 3333 matris
612 3230 691 3334 suae
701 3270 821 3335 scelere
831 3265 995 3331 amisisset
1004 3287 1080 3331 uxo·

71 3353 1114 3512 {acturustdrasamundus*

72 3469 158 3617 milit,
173 3535 290 3599 tertius
300 3535 342 3600 ab
349 3533 519 3600 Artabano
528 3531 698 3622 praelecto
705 3528 1113 3606 resonaremus&-
