2560 4002
389 267 474 325 xxv.
492 267 651 323 ATTIOUS.
680 275 722 326 21.
742 275 784 324 22.
1030 269 1095 333 113

77 410 183 475 iussit
216 415 250 476 et
283 433 357 476 cum
384 433 421 476 eo
449 411 486 476 L.
513 410 700 478 Cornelium
726 412 868 477 Balbum
895 410 1094 495 Sextumque

78 497 299 564 Peducaeum.
335 499 397 564 hos
415 503 453 564 ut
475 500 601 565 venisse
624 500 716 584 vidit,
737 501 773 564 in
795 501 942 566 cubitum
963 499 1132 566 innixuss

77 586 266 670 ‘quantam'
285 587 393 670 inquit
416 586 539 652 ‘curam
562 588 829 672 diligentiamque
851 589 887 653 in
908 587 1092 652 valetudine

78 696 158 738 mea
181 675 302 740 tuenda
323 675 387 739 hoc
409 679 557 759 tempore
580 675 791 759 adhibuerim,
814 697 889 740 cum
908 696 966 740 vos
990 679 1092 740 testes

76 763 238 847 habeam,
266 762 350 826 nihil
372 784 503 827 necesse
526 767 577 828 est
598 764 747 848 pluribus
769 764 877 829 verbis
900 784 1093 828 commemo·

77 871 165 914 rare.
212 851 330 933 quibus
358 851 525 934 quoniam,
552 854 590 916 ut
612 873 720 936 spero,
748 851 906 935 satisfeci,
935 873 987 916 me
1009 850 1092 916 nihil

77 938 203 1022 reliqui
224 938 349 1021 fecisse,
372 939 460 1021 quod
481 939 523 1004 ad
545 939 725 1016 sanandum
742 961 794 1004 me
811 940 998 1024 pertineret,
1020 939 1092 1003 reli·

77 1047 186 1109 quum
209 1030 260 1090 est
281 1029 320 1090 ut
343 1030 473 1110 egomet
495 1027 577 1090 mihi
599 1027 775 1093 considam.
809 1027 842 1092 id
860 1048 918 1093 vos
941 1027 1091 1112 ignorare

77 1113 188 1178 nolui:
210 1135 287 1178 nam
306 1114 387 1177 mihi
405 1118 473 1178 stat
491 1114 577 1179 alere
595 1116 746 1181 morbum
765 1116 919 1181 desinere.
951 1133 1126 1198 namques

76 1202 132 1266 his
158 1201 273 1266 diebus
297 1201 454 1286 quidquid
481 1202 547 1267 cibi
573 1204 711 1288 sumpsi,
740 1203 788 1268 ita
813 1203 953 1287 produxi
979 1203 1091 1287 vitam,

76 1294 116 1355 ut
147 1290 295 1354 auxerim
322 1290 449 1355 dolores
477 1290 547 1354 sine
576 1311 633 1375 spe
662 1291 787 1356 salutis.
833 1313 932 1375 quare
955 1312 975 1355 a
996 1291 1090 1356 vobis

75 1381 170 1462 pcto,
191 1377 335 1460 primum
357 1381 395 1441 ut
418 1377 590 1442 consilium
611 1378 758 1462 probetis
777 1400 894 1463 meum,
917 1379 1031 1444 deinde
1048 1401 1089 1444 ne

75 1466 208 1530 frustra
230 1465 430 1530 dehortando
453 1465 814 1548 impedireconemini?

170 1550 242 1619 Hac
265 1553 412 1626 oratione
434 1552 550 1618 habita
568 1557 662 1618 tanta
680 1553 865 1618 constantia
881 1553 970 1618 vocis
990 1557 1087 1636 atqua
1098 1556 1144 1620 22

74 1641 202 1724 vultus,
224 1644 350 1706 utnon
372 1663 412 1706 ex
433 1641 510 1725 vita,
533 1640 589 1706 sed
612 1663 652 1706 ex
674 1641 770 1705 domo
793 1641 829 1705 in
851 1641 983 1705 domum
1004 1640 1089 1705 vide-

73 1733 174 1794 retur
196 1728 347 1814 migrare,
370 1750 444 1808 cum
467 1729 596 1812 quidem
618 1727 767 1814 Agrippa
789 1750 864 1792 cum
885 1728 966 1793 flens
990 1732 1088 1812 atque
1107 1747 1122 1794 2

74 1815 233 1883 osculans
257 1821 366 1882 oraret
389 1820 487 1900 atquc
511 1817 709 1901 obsecraret,
738 1838 779 1880 ne
805 1816 840 1880 id
863 1816 949 1916 quod
971 1822 1089 1881 natura

74 1905 245 1989 cogeret
235 1926 305 1988 1pse
325 1925 453 1988 quoque
471 1905 535 1969 sibi
554 1867 757 1989 acceleraiet,
784 1908 827 1990 et,
845 1903 999 1988 quoniam
1017 1908 1089 1969 tum

74 2013 210 2077 quoque
237 1998 349 2075 posset
376 1993 579 2092 temporibus
602 2013 784 2077 superesse,
813 2014 848 2057 se
870 1992 934 2057 sibi
957 1993 1088 2077 suisque

72 2083 276 2162 reservaret,
298 2101 410 2164 preces
433 2080 502 2144 eius
526 2081 690 2146 taciturna
712 2102 771 2145 sua
794 2073 1014 2146 obstinatione
1037 2080 1088 2146 de

72 2165 210 2254 pressit
256 2167 302 2232 sic
325 2190 399 2233 oum
421 2166 557 2231 biduum
578 2167 651 2232 cibo
675 2188 710 2232 se
732 2169 953 2254 abstinuisset,
977 2170 1122 2236 sub1t03

73 2254 182 2320 febris
210 2255 349 2320 decessit
374 2255 541 2338 leviorque
564 2255 698 2320 morbus
721 2276 791 2320 esse
815 2256 932 2339 coepit.
976 2260 1087 2320 tamen

73 2343 287 2429 propositum
311 2343 416 2408 nihilo
444 2343 545 2407 setius
575 2342 704 2427 peregit
735 2342 846 2424 itaque
878 2343 930 2407 die
962 2343 1086 2427 quinte,

74 2431 695 2585 atthrtddttllthth
719 2429 1122 2589 stillicidis.

75 2609 113 2671 in
141 2605 305 2690 lecticula,
332 2610 370 2671 ut
396 2606 466 2689 ipse
488 2605 756 2690 praescripserat,
785 2605 854 2669 sine
877 2606 944 2705 ulla
966 2627 1087 2689 pompa

75 2693 216 2777 funeris,
243 2657 476 2758 comitantibus
505 2692 655 2758 omnibus
687 2693 795 2775 bonis,
826 2692 968 2757 maxima
994 2693 1086 2793 vulgi

76 2781 271 2865 frequentia.
310 2782 456 2864 sepultus
479 2785 530 2846 est
552 2781 644 2844 iuxta
661 2781 748 2844 viam
766 2780 909 2864 Appiam
931 2781 972 2845 ad
996 2781 1086 2864 quin·

75 2876 150 2937 tum
172 2868 345 2952 lapidem
336 2891 371 2933 1n
394 2867 665 2944 monument-00
688 2866 830 2953 Caecilii,
853 2869 1003 2934 avunculi
1026 2871 1086 2934 sui.
1176 2873 1178 2878 ’
