2400 3922
106 194 171 258 104
418 193 503 249 XXV.
522 192 684 249 ATTIOUS.
712 199 790 248 7-9.

106 342 215 403 autem
238 337 344 409 Attici
368 337 458 421 quies
482 341 575 402 tanto
600 359 695 421 opere
717 336 781 403 fuit
803 340 914 423 grata,
936 341 975 403 ut
997 338 1115 423 victor,

106 448 179 492 cum
206 426 343 510 privatis
370 425 523 510 pecunias
550 447 608 509 per
635 425 792 510 epistulas
819 425 1008 510 imperaret,
1035 426 1115 492 huic

104 536 171 579 non
200 515 306 580 solum
338 513 495 579 molestus
526 535 593 579 non
624 512 736 597 fuerit,
769 514 825 578 sed
856 513 957 578 etiarn
989 515 1114 581 sororis

105 601 210 668 filium
232 607 266 667 et
286 602 322 679 Q.
337 601 526 668 Ciceronem
548 623 587 666 ex
608 601 742 685 Pompei
765 601 883 667 castris
906 603 1111 668 concesserit.

107 691 153 755 sic
176 695 285 756 vetere
308 690 462 756 instituto
484 691 570 755 vitae
594 689 708 776 effugit
729 710 814 755 nova
835 689 987 774 pericula.

70 781 90 845 8
195 777 350 844 Secutum
377 782 428 844 est
454 778 544 843 illud.
590 778 696 844 occiso
720 776 857 844 Caesare
881 800 955 843 cum
977 799 1030 843 res
1055 801 1112 863 pu⁸

105 867 191 932 blica
213 889 311 952 penes
329 866 450 933 Brutos
473 866 637 931 videretur
659 887 729 931 esse
753 870 787 930 et
805 864 954 932 Cassium
977 887 1015 931 ac
1038 869 1112 932 tota

69 971 86 1020 a
106 954 220 1021 civitas
244 978 279 1020 se
302 957 343 1020 ad
366 976 420 1020 eos
444 954 667 1037 convertisset,
690 954 737 1019 sic
759 953 802 1019 M.
821 952 926 1020 Bruto
949 975 1027 1019 usus
1051 959 1112 1040 est,

105 1048 142 1108 ut
163 1044 254 1109 nullo
276 1043 332 1107 ille
355 1043 542 1108 adulescens
565 1042 693 1125 aequali
715 1041 908 1107 familiarius
933 1063 1031 1126 quam
1048 1042 1112 1109 hoc

105 1150 194 1216 sene,
224 1153 328 1214 neque
357 1131 463 1196 solum
492 1152 566 1196 eum
595 1130 774 1215 principem
806 1129 934 1195 consilii
965 1129 1112 1214 haberet,

68 1236 86 1285 3
105 1220 161 1285 sed
185 1219 284 1283 etiam
307 1219 342 1283 in
365 1218 522 1284 convictu.
560 1218 781 1304 excogitatum
800 1221 851 1282 est
869 1239 889 1282 a
907 1217 1112 1302 quibusdam,

104 1311 142 1372 ut
159 1307 324 1390 privatum
343 1307 503 1372 aerarium
518 1304 665 1372 Caesaris
684 1306 948 1372 interfectoribus
967 1306 1009 1370 ab
1024 1306 1112 1390 equi·

104 1395 194 1460 tibus
220 1394 378 1461 Romanis
406 1395 667 1461 constitueretur.
712 1395 745 1458 id
774 1393 869 1460 facile
899 1392 985 1459 effici
1014 1416 1112 1479 posse

105 1483 229 1548 arbitra
230 1484 256 1549 11
280 1487 365 1567 sunt,
388 1484 416 1548 si
439 1483 601 1568 principes
625 1483 693 1547 eius
718 1482 840 1548 ordinis
862 1482 1016 1566 pecunias
1038 1503 1112 1548 con·

104 1571 266 1638 tulissent.
312 1573 422 1656 itaque
455 1573 637 1724 appellatus
669 1575 720 1636 est
748 1591 768 1635 a
794 1569 829 1637 (l.
856 1569 984 1652 Flavio,
1013 1568 1112 1635 Bruti

67 1659 364 1744 efamiliari,Att
355 1681 434 1744 rcus,
457 1664 494 1724 ut
517 1660 586 1725 eius
610 1659 657 1725 rei
675 1659 825 1759 princeps
844 1679 913 1723 esse
931 1620 1040 1723 vellet.
1078 1663 1112 1722 at

104 1747 169 1832 ille,
192 1749 248 1833 qui
271 1747 379 1814 officia
402 1748 514 1813 amicis
537 1752 648 1832 praest
634 1747 779 1811 tanda
753 1768 822 1812 sine
840 1745 918 1812 fact
894 1750 983 1811 trcne
1002 1745 1112 1810 existi·

104 1800 209 1901 maiet
241 1857 430 1920 semperque
462 1857 481 1899 a
512 1836 634 1899 talibus
666 1857 701 1900 se
734 1834 877 1900 consiliis
909 1833 1112 1919 removisset,

104 1925 287 2008 respondit:
310 1924 338 1986 si
362 1923 439 2005 quid
456 1921 579 1987 Brutus
602 1922 641 1987 de
665 1923 731 1987 suis
754 1921 966 1988 facultatibus
988 1921 1040 1987 uti
1058 1944 1112 1986 vo·

104 2012 233 2095 luisset,
263 2031 411 2094 usurum,
444 2013 601 2094 quantum
628 2032 684 2075 eae
711 2014 915 2094 paterentur,
943 2030 979 2074 se
1005 2031 1111 2094 neque

104 2119 178 2163 cum
201 2118 364 2182 quoquam
383 2098 422 2163 de
441 2119 479 2162 ea
497 2120 532 2162 re
551 2099 788 2163 collocuturum
809 2120 914 2182 neque
938 2097 1111 2164 coiturum.

104 2185 151 2251 sic
178 2184 234 2250 ille
262 2186 483 2251 consensionis
511 2187 628 2273 globus
660 2187 757 2251 huius
785 2187 880 2251 unius
910 2185 1111 2252 dissensione

67 2290 84 2338 s
104 2273 259 2340 disiectus
284 2278 342 2340 est.
385 2296 489 2360 neque
513 2275 616 2340 multo
639 2279 715 2359 post
738 2274 886 2359 superior
908 2295 979 2340 esse
1002 2275 1112 2358 coepit

102 2364 280 2448 Antonius,
309 2363 334 2427 '
306 2367 355 2427 a
381 2367 419 2429 ut
404 2362 525 2429 ttBru
511 2368 564 2428 tus
588 2367 621 2428 et
644 2362 776 2429 Cassius
799 2363 914 2428 omissa
935 2383 1012 2428 cura
1037 2384 1111 2446 pro·

102 2451 291 2536 unciarum,
314 2473 395 2536 quae
417 2451 459 2515 iis
482 2452 562 2517 dicis
586 2473 683 2516 causa
706 2452 800 2517 datae
819 2455 912 2516 erant
930 2473 951 2516 a
968 2450 1111 2534 consule,

68 2540 283 2625 cdesperatis
306 2540 436 2605 rebus
426 2562 461 2604 m
484 2537 616 2605 exilium
638 2538 928 2692 proficiscerentur.
967 2537 1111 2622 Atticus,

104 2628 160 2712 qui
190 2628 361 2713 pecuniam
394 2628 491 2693 simul
524 2650 597 2693 cum
629 2628 745 2693 ceteris
777 2626 923 2693 consens
959 2627 1111 2692 noluerat

102 2717 233 2782 florenti
254 2717 304 2780 illi
326 2717 423 2800 parti,
387 2716 578 2781 tabiecto
601 2715 762 2782 Brutot
671 2715 890 2799 Italiaque
913 2715 1040 2780 cedenti
1063 2736 1110 2779 se·

104 2804 256 2868 stertium
279 2809 352 2869 cent
353 2826 410 2868 um
432 2804 524 2869 milia
546 2805 671 2869 muneri
694 2803 793 2868 misit.
827 2803 963 2868 eidem
954 2824 989 2868 m
1006 2801 1109 2886 Epiro

103 2892 220 2955 absens
249 2894 394 2955 trecenta
420 2890 517 2956 iussit
544 2891 627 2975 dari,
655 2913 758 2975 neque
782 2912 821 2955 eo
849 2891 954 2976 magis
981 2890 1111 2974 potenti

103 2978 254 3044 adulatus
277 2981 329 3042 est
351 2977 496 3043 Antonio
518 3000 623 3063 neque
646 2979 834 3062 desperatos
857 2978 999 3062 reliquit.

67 3067 88 3132 9
192 3064 346 3132 Secutum
369 3070 419 3131 est
441 3066 564 3130 bellum
591 3070 722 3151 gestum
750 3067 835 3151 apud
858 3066 1029 3132 Mutinam
1076 3066 1111 3130 in

103 3177 167 3240 quo
192 3155 372 3221 sitantum
405 3176 479 3218 eum
505 3155 697 3239 prudentem
725 3155 844 3239 dicam,
871 3155 978 3221 minus
1011 3176 1111 3238 quam

102 3245 238 3310 debeam
260 3243 454 3328 praedicem,
487 3264 560 3308 cum
582 3243 638 3308 ille
660 3243 772 3328 potius
795 3243 922 3308 divinus
944 3242 1059 3326 fuerit,
1082 3242 1111 3307 si

103 3332 260 3398 divinatio
288 3331 480 3418 appellanda
507 3335 558 3396 est
589 3335 746 3417 perpetua
776 3331 937 3397 naturalis
969 3330 1110 3414 bonitas,

66 3436 185 3503 aquae
212 3420 310 3484 nullis
339 3421 468 3486 casibus
492 3420 637 3506 agitatur
659 3441 762 3503 neque
792 3419 958 3484 minuitur.
1003 3418 1111 3484 hostis

93 3508 265 3573 Antonius
295 3508 459 3574 iudicatus
491 3507 590 3573 ltalia
622 3512 776 3574 cesserat:
811 3529 885 3593 spes
916 3507 1111 3572 restituendi
