2400 3922
460 190 493 246 x.
513 191 610 246 oron
640 198 662 246 1.
682 199 707 247 a.
1044 196 1087 260 el

481 373 524 445 X.
552 372 677 448 DION.
784 443 787 450 .

166 510 263 596 Dion,
284 509 458 594 Hipparini
478 510 575 594 filius,
594 509 825 597 Syracusanus,
847 515 950 578 nobili
969 535 1086 600 genere
1107 521 1124 585 l

75 604 192 684 natus,
233 603 371 682 utraque
407 598 594 682 implicatus
635 600 807 683 tyrannide
843 600 1085 687 Dionysiorum.

74 709 216 772 namque
243 687 299 751 ille
328 686 475 771 superior
497 685 762 772 Aristomachen,
792 709 937 754 sororem
960 689 1087 777 Dionis,

74 777 194 842 habuit
212 776 246 840 in
264 774 483 858 matrimonio,
506 794 545 838 ex
564 795 628 858 qua
646 774 726 839 duos
749 775 845 862 filios,
868 777 1087 863 Hipparinum
1106 776 1107 779 '

75 870 111 930 et
133 863 301 948 Nisaeum,
323 860 507 947 procreavit
529 862 731 946 totidemque
754 864 854 950 filias,
875 867 1006 932 nomine
1030 866 1087 933 So·

75 953 265 1039 phrosynen
287 955 322 1016 et
343 949 476 1035 Areten,
501 971 638 1033 quarum
660 951 803 1035 priorem
825 952 984 1039 Dionysio
1008 955 1087 1041 filio,

76 1042 183 1106 eidem
211 1040 263 1105 cui
290 1059 427 1125 regnum
459 1038 605 1123 reliquit,
636 1043 775 1124 nuptum
807 1041 909 1127 dedit,
942 1043 1088 1128 alteram,

38 1131 47 1145 ’
76 1129 217 1212 Areten,
239 1126 347 1192 Dioni.
393 1126 481 1191 Dion
508 1131 617 1192 autem
645 1131 775 1211 praeter
802 1150 993 1215 generosam
1016 1151 1123 1217 pro-a

76 1217 296 1304 pinquitatem
322 1215 529 1298 nobilemque
557 1216 717 1280 maiorum
744 1216 865 1283 famam
892 1220 997 1285 multa
1023 1220 1089 1286 alia

78 1307 120 1371 ab
143 1308 262 1370 natura
283 1304 400 1369 habuit
422 1304 517 1389 bona,
540 1303 574 1367 in
598 1303 644 1368 eis
668 1304 835 1390 ingenium
854 1307 966 1392 docile,
988 1330 1088 1393 come,

78 1398 193 1479 aptum
212 1393 253 1457 ad
272 1396 359 1457 artes
379 1392 530 1476 optimas,
548 1411 701 1477 magnam
720 1395 865 1477 corporis
884 1396 1088 1482 dignitatem,

79 1504 162 1568 qnae
192 1503 260 1547 non
290 1481 461 1545 minimum
494 1480 716 1563 commendat,
753 1501 888 1567 magnas
920 1488 1088 1566 praeterea

78 1570 210 1636 divitias
232 1591 254 1634 a
270 1573 364 1654 patre
387 1569 527 1653 relictas,
550 1589 630 1651 quas
652 1568 723 1651 ipse
745 1570 877 1651 tyranni
899 1572 1088 1637 muneribus

79 1663 222 1724 auxerat
268 1660 339 1722 erat
365 1657 500 1721 intimus
524 1655 683 1739 Dionysio
711 1656 827 1741 priori,
853 1679 957 1741 neque
980 1659 1124 1728 minues

78 1749 213 1833 propter
240 1767 348 1810 mores
381 1766 478 1828 quam
506 1743 710 1808 affinitatem.
755 1766 894 1828 namque
922 1747 985 1812 etsi
1012 1745 1089 1812 Dio

78 1835 166 1920 nysii
190 1835 364 1900 crudelitas
388 1834 418 1897 ei
441 1833 650 1917 displicebat,
673 1838 784 1897 tamen
807 1834 933 1898 salvum
954 1839 1089 1918 propter

77 1922 364 2005 necessitudinem,
392 1922 497 2007 magis
525 1921 624 1986 etiam
652 1942 785 1986 suorum
809 1943 906 1988 causa
928 1923 1089 1988 studebat.

79 2012 192 2076 aderat
214 2011 251 2074 in
272 2010 400 2096 magnis
423 2010 529 2093 rebus,
552 2010 684 2092 eiusque
709 2010 844 2074 consilio
863 2013 1004 2076 multum
1023 2034 1089 2077 mo-

73 2101 217 2166 ·vebatur
243 2102 416 2182 tyrannus,
442 2097 507 2162 nisi
531 2098 651 2180 quain
674 2119 708 2162 re
739 2098 843 2163 maior
870 2099 973 2183 ipsius
1002 2100 1089 2184 cupi·

79 2188 166 2253 ditas
185 2186 422 2252 intercesserat.
453 2185 634 2270 legationes
649 2207 724 2250 vero
740 2206 860 2270 omnes,
879 2208 961 2269 quae
981 2192 1124 2254 essent4

79 2275 285 2359 illustriores,
298 2295 356 2358 per
369 2272 509 2338 Dionem
524 2273 848 2337 administrabantur:
868 2295 948 2356 quas
959 2276 1088 2358 quidem

78 2364 135 2428 ille
159 2363 333 2448 diligenter
356 2363 517 2444 obeundo,
539 2360 679 2424 fideliter
702 2360 957 2426 administrando
982 2361 1089 2427 crude

79 2451 243 2516 lissimnm
256 2472 375 2515 nomen
388 2450 520 2534 tyranni
534 2470 593 2513 sua
606 2448 810 2512 humanitate
823 2447 975 2513 leniebat.
1002 2450 1089 2515 hunc
1107 2466 1124 2517 o

80 2561 99 2605 a
126 2537 287 2622 Dionysio
315 2538 452 2603 missum
475 2536 766 2622 Karthaginienses
794 2538 838 2602 sic
865 2542 1090 2622 suspexerunt,

78 2631 117 2692 ut
134 2627 298 2691 neminem
317 2648 472 2710 umquam
491 2623 615 2689 Graeca
637 2625 750 2711 lingua
772 2625 960 2709 loquentem
983 2626 1089 2711 magis

80 2715 147 2779 sint
171 2715 332 2779 admirati.

40 2815 42 2820 '
168 2801 283 2886 Neque
293 2823 369 2868 vero
383 2802 463 2867 haec
472 2800 667 2886 Dionysium
680 2799 864 2886 fugiebant:
877 2822 954 2866 nam
967 2806 1090 2886 quanto
1109 2804 1131 2870 2

80 2894 168 2956 esset
195 2890 259 2956 sibi
287 2894 492 2974 ornamento,
526 2890 695 2955 sentiebat.
742 2911 805 2973 quo
837 2890 938 2954 fiebat
967 2894 1005 2955 ut
1034 2891 1091 2956 uni

78 2978 155 3043 huic
179 2979 319 3043 maximo
342 2978 526 3063 indulgeret
548 2999 652 3061 neque
676 2999 750 3042 eum
773 2999 864 3043 secus
884 2978 1035 3064 diligeret
1054 3000 1091 3044 ac

78 3066 197 3131 filium:
227 3068 282 3151 qui
306 3067 449 3150 quidem,
472 3088 546 3131 cum
568 3065 742 3131 Platonem
765 3066 942 3131 Tarentum
964 3067 1126 3132 venisses

79 3153 168 3218 fama
186 3156 221 3219 in
240 3152 386 3219 Siciliam
405 3158 492 3219 esset
514 3155 649 3239 perlata,
673 3154 870 3220 adulescenti
888 3173 1007 3238 negare
1025 3174 1092 3216 non

79 3243 234 3326 potuerit,
258 3243 337 3326 quin
356 3264 429 3307 eum
448 3246 635 3327 arcesseret,
654 3264 727 3307 oum
746 3241 834 3307 Dion
853 3242 921 3304 eius
941 3239 1091 3304 audiendi

81 3330 258 3414 cupiditate
287 3331 450 3416 flagraret
496 3331 585 3395 dedit
609 3351 687 3416 ergo
710 3330 786 3394 huic
810 3328 937 3394 veniam
960 3347 1091 3412 magna

80 3437 141 3500 que
170 3439 244 3482 eum
274 3419 452 3483 ambitione
478 3416 654 3502 Syracusas
677 3416 838 3501 perduxit.
884 3436 980 3498 quem
1003 3414 1126 3480 Diona

81 3503 159 3569 adeo
188 3506 366 3570 admiratus
394 3511 445 3572 eat
473 3509 572 3592 atque
600 3505 788 3588 adamarit,
811 3506 857 3569 ut
876 3523 916 3566 se
938 3502 976 3564 ἐκ
994 3505 1122 3560 usum
1172 3575 1181 3587 ἱ
