2400 3922
132 246 155 304 4
463 240 483 294 I.
507 239 709 294 MILTIADES.
737 244 762 294 3.
781 245 807 293 4.

132 387 167 450 in
193 386 256 450 hoc
282 383 347 448 fuit
373 387 445 448 tum
472 405 605 448 numero
628 382 792 447 Miltiades
818 383 884 462 [eui
910 382 968 446 illa
991 383 1138 446 custodia

98 488 114 537 8
134 474 340 553 crederetur}
371 471 434 556 hie,
457 493 531 536 eum
549 471 654 536 crebri
672 471 823 534 afferrent
841 471 948 534 nuntii
966 470 1049 533 male
1069 492 1138 534 rem

133 582 244 646 gerere
258 560 395 624 Darium
412 559 579 643 premique
598 581 618 622 a
632 557 772 642 Scythis,
789 558 940 623 hortatus
960 561 1010 621 est
1027 558 1137 640 pontis

134 649 297 732 custodes,
323 669 364 712 ne
387 669 407 710 a
428 646 560 711 fortuna
587 647 697 710 datam
725 646 927 711 occasionem
953 645 1138 709 liberandae

98 735 290 801 edraeeiae
318 735 528 800 dimitterent,
573 755 650 799 nam
677 734 706 800 si
733 756 807 798 oum
837 734 878 798 iis
908 733 1025 816 copiis,
1058 754 1138 816 quas

134 846 243 888 secum
257 825 506 906 transportaret,
519 821 687 886 interisset
700 821 828 905 Darius,
841 843 908 886 uon
921 821 1027 886 solum
1035 820 1138 886 Euro-

132 934 209 995 pam
232 912 301 976 fore
323 914 440 993 tutam,
463 911 519 974 sed
542 909 641 974 etiam
659 930 724 992 eos,
748 910 804 993 qui
823 909 938 974 Asiam
960 910 1139 973 incolerent

134 998 250 1063 Graeci
268 1019 394 1083 genere,
412 997 533 1061 liberos
548 1019 568 1061 a
581 996 754 1062 Persarum
771 997 900 1062 futuros
919 997 1138 1062 dominatione

133 1091 167 1150 et
188 1086 341 1168 periculo.
372 1085 406 1149 id
424 1085 519 1150 facile
538 1083 622 1150 effici
644 1106 754 1168 posse:
776 1089 876 1169 ponte
896 1086 982 1150 enim
1000 1085 1138 1149 rescisso

133 1194 245 1258 regem
267 1173 318 1237 vel
340 1172 486 1238 hostium
507 1171 594 1237 ferro
617 1173 668 1237 rel
690 1173 801 1256 inopia
822 1173 933 1257 paucis
957 1172 1070 1237 diebus
1093 1173 1139 1236 in-

100 1274 114 1323 5
133 1261 316 1325 teriturum.
350 1261 390 1324 ad
408 1260 471 1325 hoe
489 1260 661 1325 consilium
683 1282 757 1324 oum
778 1261 924 1344 plerique
943 1261 1139 1344 accederent,

133 1347 307 1413 Hestiaeus
326 1347 481 1431 Milesius,
499 1369 540 1412 ns
558 1369 610 1412 res
629 1348 850 1433 conficeretur,
869 1349 1008 1432 obstitit,
1029 1349 1138 1413 dicens

133 1457 200 1500 non
221 1437 307 1500 idem
330 1436 424 1520 ipsis,
455 1436 510 1520 qui
533 1458 675 1502 summas
702 1437 831 1521 imperii
853 1441 1020 1520 tenerent,
1047 1459 1139 1520 expe·

134 1524 202 1589 diro
230 1528 264 1589 et
291 1524 506 1608 multitudini,
535 1525 621 1608 quod
643 1524 736 1589 Darii
762 1545 863 1610 regno
890 1525 1035 1607 ipsorum
1058 1525 1139 1588 nite-

134 1617 224 1678 retur
238 1613 430 1678 dominatio:
449 1634 513 1696 quo
529 1613 689 1678 exstincto
707 1614 796 1694 ipsos
809 1615 972 1694 potestate
987 1613 1139 1693 expulsos

135 1701 258 1766 civibus
278 1701 344 1766 suis
367 1721 488 1782 poenas
512 1700 652 1763 daturos.
685 1699 795 1780 itaque
813 1698 893 1760 adeo
911 1718 945 1760 se
964 1697 1139 1763 abhorrere

134 1810 155 1851 a
173 1793 354 1853 ceterorum
373 1786 517 1868 consilio,
540 1789 578 1849 ut
595 1784 678 1848 nihil
695 1788 790 1866 putet
808 1783 888 1866 ipsis
906 1784 1020 1848 utilius
1040 1806 1139 1867 quam

100 1889 116 1936 o
135 1873 320 1939 confirmari
343 1892 480 1956 regnum
502 1870 683 1936 Persarum.
726 1871 822 1936 huius
846 1892 920 1936 cum
943 1874 1139 1938 sententiam

133 1961 266 2044 plurimi
298 1962 406 2023 essent
437 1960 557 2041 secuti,
588 1958 752 2023 Miltiades
784 1980 851 2024 non
886 1960 1037 2025 dubitans
1069 1966 1139 2027 tam

133 2047 246 2112 multis
271 2046 407 2112 consciis
426 2047 467 2110 ad
486 2048 572 2132 regis
591 2069 685 2111 aures
704 2047 840 2112 consilia
859 2068 917 2113 sua
934 2052 1139 2132 perventura,

134 2134 371 2200 Chersonesum
398 2134 531 2217 reliquit
558 2156 595 2200 ac
622 2157 734 2200 rursus
762 2135 908 2200 Athenas
936 2137 1138 2222 demigravit.

134 2223 225 2287 cuius
253 2222 337 2287 ratio
366 2222 429 2287 etsi
455 2243 522 2287 non
547 2223 664 2308 veluit,
693 2229 804 2288 tamen
826 2243 945 2309 magno
969 2247 1064 2309 opere
1088 2230 1139 2290 est

133 2311 306 2394 laudanda,
333 2332 407 2375 oum
434 2310 569 2378 amicior
596 2313 741 2378 omnium
767 2313 914 2377 libertati
942 2335 1038 2396 quam
1062 2335 1138 2378 suae

133 2399 234 2464 fuerit
256 2399 478 2465 dominationi.

94 2486 116 2550 4
222 2488 342 2553 Darius
366 2492 484 2572 autam,
507 2509 580 2554 eum
599 2509 638 2552 ex
655 2487 787 2572 Europa
807 2489 842 2552 in
860 2487 974 2551 Asiam
993 2488 1139 2572 redisset,

133 2577 343 2641 hortantibus
370 2576 497 2658 amieis,
529 2579 567 2639 ut
594 2573 765 2639 Graeciam
793 2574 953 2658 redigeret
985 2574 1019 2637 in
1047 2596 1140 2640 suam

133 2667 342 2746 potestatem,
365 2662 502 2725 classem
520 2661 770 2745 quingentarum
787 2661 919 2724 nauium
938 2665 1140 2745 comparavit

134 2750 226 2832 eique
249 2748 362 2811 Datim
383 2747 540 2830 praefecit
562 2752 595 2811 et
613 2747 852 2831 Artaphernem
874 2748 978 2831 iisque
1001 2750 1140 2816 ducenta

133 2835 293 2919 peditum,
322 2836 433 2899 decem
460 2835 606 2918 equitum
633 2835 724 2900 milia
751 2836 852 2920 dedit,
884 2859 1014 2902 oausam
1040 2840 1139 2904 inter·

135 2943 244 2988 serens
277 2944 311 2987 se
341 2923 472 2987 hostem
505 2943 575 2988 esse
607 2922 875 3009 Atheniensibus,
907 2928 993 3009 quod
1027 2948 1139 2992 eorum

135 3009 255 3074 auxilio
284 3009 379 3075 Iones
411 3009 521 3075 Sardis
554 3017 793 3097 expugnassent
825 3033 946 3097 suaque
977 3016 1139 3098 praesidia

99 3097 382 3163 sinterteoissent.
418 3098 468 3162 illi
494 3098 651 3182 praefecti
677 3100 759 3186 regii
782 3101 885 3167 classe
908 3103 949 3166 ad
971 3102 1139 3166 Euboeam

135 3187 284 3271 appulsa·
304 3185 452 3251 celeriter
480 3185 644 3251 Eretriam
676 3194 831 3271 oepenmt
863 3209 1037 3271 omnesque
1069 3189 1139 3255 eius

133 3275 241 3361 gentis
269 3274 355 3340 cives
383 3274 536 3359 abreptos
563 3275 598 3339 in
624 3274 739 3340 Asiam
767 3278 807 3341 ad
834 3298 943 3362 regem
970 3277 1139 3343 miserunt.

133 3363 207 3427 inde
235 3363 276 3426 ad
298 3363 445 3428 Atticam
472 3367 678 3428 accesserunt
705 3386 742 3428 ac
768 3386 842 3430 suas
866 3365 975 3448 copias
998 3365 1033 3428 in
1056 3388 1140 3431 cam-

125 3472 212 3544 pum
234 3450 429 3518 Marathona
457 3450 665 3516 deduxerunt.
705 3452 734 3517 is
758 3454 851 3516 abest
874 3451 914 3515 ab
939 3453 1057 3537 oppido
1082 3456 1140 3519 oir-

72 3543 96 3585 e
112 3537 203 3591 erte!
222 3538 320 3601 mdia
337 3561 504 3621 passuum
528 3539 648 3606 decem.
679 3540 742 3605 hoc
760 3541 905 3605 tumultu
922 3540 1139 3609 Athenienses
