2400 3922
120 236 163 296 46
387 226 389 228 ’
465 230 525 285 XII.
545 229 734 285 CHABRIAS.
760 236 786 284 4.

122 376 318 441 auctoritate
341 375 498 459 anteibat,
521 395 663 457 eumque
682 373 787 458 magis
811 372 934 438 milites
959 394 1058 455 quam
1077 375 1136 458 qui

86 467 293 547 spraeerant
321 463 551 548 suspiciebant
600 482 682 543 quae
710 483 761 525 res
790 461 820 525 ei
848 461 1027 526 maturavit
1049 483 1135 527 mor·

121 555 196 616 tem.
235 573 312 616 nam
334 551 412 616 dum
429 551 558 635 'primus
582 550 693 615 studet
714 553 847 633 portum
870 550 993 614 intrare
1016 550 1134 635 guber·

119 643 332 723 natoremque
360 640 452 703 iubet
475 660 513 704 ec
541 639 686 723 derigere
713 659 842 722 navem,
871 638 942 721 ipse
970 638 1035 703 sibi
1062 661 1133 722 per·

119 728 216 796 nicici
234 727 311 792 fuit:
335 749 408 792 cum
428 718 514 792 eniin
532 749 570 793 co
588 729 802 811 penetrasset,
825 730 952 791 ceterae
968 748 1035 792 non
1054 731 1133 793 suut

121 820 259 882 secutae.
292 837 355 899 quo
375 815 463 880 facto
483 815 696 880 circumfusus
715 813 860 879 hostium
879 835 1039 880 concursu
1057 837 1132 881 cum

119 903 299 969 fortissime
313 907 483 989 pugnaret,
496 904 588 968 navis
602 906 710 968 rostro
725 923 879 987 percussa
894 903 1002 986 coepit
1016 903 1127 970 sidere,

85 992 195 1059 shinc
222 990 371 1076 refugere
399 1014 472 1056 cum
499 995 624 1076 posset,
653 991 682 1056 si
710 1012 744 1055 se
771 991 806 1055 in
832 1012 922 1056 mare
949 990 1130 1076 deiecisset,

120 1081 205 1162 quod
237 1080 370 1144 suberat
402 1080 515 1144 classis
548 1078 814 1162 Atheniensium,
851 1101 933 1162 quae
965 1079 1129 1165 exciperet

118 1170 284 1251 natantes,
313 1168 418 1250 perire
446 1168 564 1233 maluit
591 1190 690 1251 quam
717 1167 817 1232 armis
846 1167 983 1232 abiectis
1000 1189 1128 1234 navem

118 1255 309 1340 relinquere,
332 1256 368 1320 in
391 1278 455 1340 qua
476 1255 585 1321 fuerat
608 1259 728 1321 vectus.
765 1255 798 1320 id
822 1255 921 1321 ceteri
944 1255 1051 1322 facere
1072 1279 1128 1322 nc-

118 1343 258 1427 luerunt,
277 1344 333 1427 qui
351 1345 457 1409 nando
472 1345 508 1409 in
520 1348 630 1409 tutum
643 1347 868 1428 pervenenmt.
905 1344 1019 1430 atille,
1037 1366 1127 1431 prae

118 1435 206 1497 stare
228 1434 401 1498 honestam
424 1436 565 1498 mortem
588 1432 778 1498 existimans
802 1432 891 1516 turpi
913 1432 1014 1518 vitae,
1042 1455 1126 1500 com·

118 1521 224 1586 minus
247 1541 397 1606 pugnans
420 1522 495 1586 telis
518 1521 664 1586 hostium
687 1519 877 1585 interfectus
901 1524 959 1586 est

417 1823 514 1894 zur.
543 1821 830 1917 rruorusus.

82 1962 99 2024 1
205 1959 409 2043 Timotheus,
442 1957 584 2024 Cononis
617 1959 718 2044 filius,
749 1957 969 2026 Atheniensis.
1020 1961 1075 2029 hic
1105 1985 1124 2028 a

115 2052 208 2130 patre
232 2051 398 2131 acceptam
421 2047 561 2132 gloriam
583 2047 696 2111 multis
720 2048 811 2112 auxit
838 2048 1029 2114 virtutibus:
1059 2049 1124 2116 fuit

108 2136 203 2200 enim
226 2135 375 2219 disertus,
398 2135 551 2221 impiger,
573 2135 769 2219 laboriosus,
793 2137 840 2200 rei
864 2137 1016 2201 militaris
1040 2140 1123 2223 peri·

80 2240 96 2288 a
115 2227 168 2288 tus
191 2245 296 2306 neque
319 2224 426 2288 minus
446 2224 589 2289 civitatis
607 2224 775 2309 regendae.
807 2226 911 2289 multa
928 2226 1025 2290 huius
1045 2231 1122 2292 sunt

114 2313 278 2396 praeclare
302 2312 398 2396 facta,
421 2313 477 2377 sed
499 2313 579 2377 haec
598 2312 737 2377 maxime
756 2312 907 2378 illustria
944 2311 1121 2398 Olynthios

114 2405 148 2465 ct
166 2400 343 2486 Byzantios
363 2401 449 2466 bello
469 2401 609 2486 subegit.
647 2399 780 2465 Samum
803 2401 903 2485 cepit:
925 2401 961 2465 in
984 2423 1049 2485 quo
1072 2423 1121 2486 op

110 2492 184 2573 pido
208 2490 426 2576 oppugnando
450 2490 614 2573 superiore
637 2488 723 2553 bello
742 2487 959 2555 Athenienses
977 2491 1068 2556 mille
1087 2495 1121 2556 et

113 2579 252 2644 ducenta
270 2579 394 2643 talenta
413 2581 689 2661 consumpserant,
707 2576 740 2640 id
754 2577 809 2640 ille
824 2578 894 2642 sine
907 2577 976 2642 ulla
988 2579 1120 2662 publica

112 2668 298 2836 {tutte
301 2668 408 2832 {ds
418 2670 488 2833 13„
487 2662 798 2817 ttatttttl
800 2666 951 2836 ttd
952 2665 998 2818 li
1015 2669 1120 2839 {tt

77 2857 92 2905 3
113 2862 187 2905 cum
200 2840 339 2904 rettulit.
366 2838 519 2922 Cyzicum
534 2841 703 2905 obsidione
716 2841 876 2906 liberavit.
904 2842 1119 2909 Ariobarzani

112 2929 209 2992 simul
233 2948 307 2991 cum
320 2927 474 3013 Agesilao
499 2928 618 2992 auxilio
641 2928 807 3012 profectus
831 2932 895 3013 est,
918 2952 938 2994 a
957 2951 1021 3014 quo
1045 2953 1118 2997 cum

111 3015 197 3080 Laco
220 3016 392 3099 pecuniam
414 3019 619 3080 numeratam
642 3017 829 3102 accepisset,
852 3017 907 3082 ille
932 3018 1018 3084 cives
1042 3040 1118 3085 suos

112 3125 191 3191 agro
219 3106 317 3186 atque
344 3103 481 3168 urbibus
508 3105 621 3189 augeri
648 3105 765 3168 maluit
793 3128 891 3189 quam
920 3106 954 3170 id
981 3128 1118 3191 sumere,

111 3194 201 3259 cuius
224 3195 352 3276 partem
374 3191 506 3257 domum
529 3214 622 3257 suam
644 3194 768 3275 quisque
790 3193 874 3259 ferre
897 3198 1018 3277 posset.
1059 3196 1118 3260 ita·

111 3305 172 3366 que
196 3281 321 3365 accepit
344 3278 517 3347 Crithoten
540 3285 583 3345 etr
598 3278 737 3346 Sestum.

75 3370 95 3434 2
197 3369 289 3433 Idem
319 3369 429 3435 classi,
441 3368 624 3453 praefectus
653 3370 895 3435 circumvehens
918 3370 1118 3455 Peloponne

105 3480 196 3539 sum,
228 3456 411 3526 Laconicen
442 3458 635 3541 populatus,
667 3458 804 3523 classem
836 3480 949 3523 eorum
981 3458 1118 3545 fugavit,

4 3609 6 3614 ,
88 3538 274 3622 Corcyram
298 3547 364 3612 sub
386 3546 566 3633 imperium
581 3544 832 3613 Atheniensium
854 3547 981 3630 redegit
999 3549 1118 3613 socios·
