2400 3922
147 236 188 299 76
453 233 552 290 XVIII.
570 233 751 289 EUMENES.
780 242 804 290 8.
824 240 849 291 9.

23 380 25 384 ’
144 383 277 464 pserant
299 401 366 444 non
384 379 424 444 ad
442 402 538 445 usum
560 379 648 463 belli,
670 379 726 444 sed
749 379 791 443 ad
813 379 959 462 ipsorum
982 379 1153 463 luxuriam,

109 470 305 553 elongeque
332 468 419 533 inter
446 489 482 534 se
509 467 733 533 discesserant.
777 467 840 531 hoc
863 465 1051 551 Antigonus
1080 489 1154 533 cum

146 556 358 639 comperisset
380 555 649 642 intellegeretque
672 576 706 619 se
725 576 838 638 parem
855 576 922 620 non
939 576 1010 620 esse
1028 556 1153 639 paratis

145 644 353 726 adversariis,
380 644 498 708 statuit
526 643 649 726 aliquid
672 642 736 707 sibi
760 643 888 707 consilii
910 643 987 707 novi
1010 665 1082 708 esse
1105 665 1153 708 ca·

144 732 306 816 piendum.
329 733 411 796 duae
434 734 527 796 erant
549 731 629 812 viae,
653 751 718 814 qua
740 752 779 794 ex
797 728 911 814 Media
933 730 991 795 ubi
1009 730 1065 795 ille
1088 731 1153 796 bie·

146 820 266 903 mabat,
289 820 330 884 ad
353 818 611 884 adversariorum
624 818 835 882 hibernacula
853 822 966 902 posset
983 819 1153 901 perveniri.

111 922 127 970 o
148 929 284 990 quarum
307 907 436 971 brevior
457 927 515 988 per
533 905 606 970 loca
624 906 760 988 deserta,
784 926 866 987 quae
879 927 975 970 nemo
990 906 1153 971 incolebat

145 998 280 1078 propter
290 1015 392 1077 aquae
401 993 554 1077 inopiam,
570 997 713 1057 ceterum
727 993 852 1056 dierum
865 996 935 1056 erat
948 992 1016 1058 fere
1030 994 1153 1076 decem3

146 1083 203 1144 illa
226 1085 344 1163 autem,
367 1101 432 1164 qua
455 1101 566 1145 omnes
590 1080 824 1162 commeabant,
847 1079 950 1144 altero
974 1085 1068 1145 tanto
1087 1082 1153 1146 lon·

146 1171 271 1254 giorem
293 1168 437 1232 habebat
460 1167 653 1252 anfractum,
676 1167 732 1233 sed
755 1171 826 1232 erat
845 1167 977 1250 copiosa
996 1168 1153 1232 omnium·

110 1272 207 1340 oque
230 1278 339 1321 rerum
362 1255 538 1321 abundans.
583 1256 645 1321 hac
672 1255 701 1320 si
727 1254 1001 1340 proficisceretur,
1027 1255 1154 1320 intelle·

146 1344 245 1429 gebat
276 1345 367 1428 prius
399 1344 600 1409 adversarios
632 1343 809 1408 rescituros
841 1343 880 1408 de
912 1364 971 1407 suo
1004 1343 1154 1426 adventu,

146 1453 244 1515 quam
266 1432 336 1516 ipse
355 1432 488 1496 tertiam
506 1435 634 1516 partem
652 1430 845 1498 confecisset
863 1431 1004 1515 itineris,
1027 1431 1080 1495 sin
1097 1453 1155 1515 per

145 1521 218 1585 loca
236 1520 307 1584 sola
321 1520 539 1604 contenderet,
557 1520 710 1604 sperabat
724 1540 759 1584 se
773 1519 1010 1602 imprudentem
1024 1518 1155 1584 hostem

111 1625 385 1693 roppressurum.
431 1608 471 1673 ad
502 1607 586 1672 hano
617 1629 686 1672 rem
719 1606 950 1673 conficiendam
981 1606 1155 1690 imperavit

147 1720 244 1780 quam
271 1696 430 1780 plurimos
459 1699 549 1759 utres
573 1699 671 1778 atque
694 1695 794 1758 etiam
817 1694 939 1758 culleos
963 1695 1155 1778 comparari,

146 1789 222 1868 post
248 1784 328 1849 haec
356 1783 525 1866 pabulum,
556 1785 725 1864 praeterea
752 1780 875 1845 cibaria
906 1785 999 1844 cocta
1030 1783 1155 1848 dierum

146 1873 269 1953 decem,
299 1874 338 1934 ut
361 1890 457 1951 quam
481 1867 614 1930 minime
636 1866 730 1930 fieret
752 1866 838 1951 ignis
861 1867 896 1930 in
919 1869 1046 1932 castris.
1093 1870 1155 1935 iter

147 1980 210 2041 quo
229 1956 357 2037 habeat,
376 1975 487 2019 omnes
502 1954 595 2018 celat.
623 1954 669 2018 sic
688 1956 831 2038 paratus,
851 1975 915 2037 qua
928 1956 1155 2042 constituerat,

145 2043 370 2128 proficiscitur.

111 2132 131 2195 9
234 2129 413 2195 Dimidium
436 2129 503 2196 fere
527 2131 669 2214 spatium
691 2129 883 2214 confecerat,
905 2152 978 2195 cum
1002 2154 1042 2196 ex
1066 2133 1154 2200 fumo

147 2224 329 2285 castrorum
347 2219 416 2284 eius
436 2218 578 2302 suspicio
598 2219 699 2283 allata
712 2222 763 2284 est
777 2219 818 2283 ad
830 2216 1010 2284 Eumenem
1024 2220 1156 2287 hostem

147 2307 415 2394 appropinquare.
438 2307 633 2374 conveniunt
652 2307 762 2372 duces:
786 2308 962 2391 quaeritur,
981 2308 1059 2391 quid
1074 2331 1155 2393 opus

147 2398 192 2463 sit
223 2396 320 2462 facto.
365 2396 601 2482 intellegebant
629 2416 740 2461 omnes
772 2399 842 2460 tam
869 2395 1016 2461 celeriter
1044 2397 1155 2482 copias

146 2487 293 2570 ipsorum
306 2485 455 2550 contrahi
468 2506 535 2549 non
551 2506 658 2569 posse,
675 2505 773 2569 quam
786 2482 972 2569 Antigonus
995 2484 1154 2550 affuturus

113 2591 129 2639 a
147 2575 326 2639 videbatur.
360 2573 414 2638 hic
433 2574 583 2638 omnibus
607 2572 826 2658 titubantibus
845 2574 879 2636 et
898 2573 936 2636 de
955 2573 1052 2637 rebus
1071 2594 1156 2638 sum·

118 2681 121 2685 ’
149 2664 211 2727 mis
235 2662 481 2745 desperantibus
504 2660 667 2726 Eumenes
690 2661 750 2742 ait,
778 2660 807 2724 si
830 2660 1030 2725 celeritatem
1053 2661 1156 2726 velint

149 2749 302 2813 adhibere
326 2753 360 2814 et
382 2750 541 2832 imperata
564 2747 682 2831 facere,
710 2747 796 2830 quod
823 2751 899 2812 ante
922 2770 987 2812 non
1009 2747 1155 2832 feceriut,

149 2857 183 2900 se
207 2858 275 2901 rem
298 2837 530 2919 expediturum.
575 2857 651 2899 nam
674 2834 761 2917 quod
789 2835 847 2898 lter
874 2835 987 2901 diebus
1012 2837 1154 2921 quinque

148 2923 254 2987 hostis
278 2923 435 2988 transisse
458 2927 583 3006 posset,
610 2943 645 2987 se
668 2921 857 2987 effecturum
888 2928 927 2988 ut
953 2945 1019 2989 nou
1047 2925 1154 2990 minus

149 3010 287 3076 totidem
306 3010 430 3074 dierum
445 3011 552 3094 spatio
566 3009 799 3075 retardaretur:
823 3033 922 3094 quare
937 3012 1154 3096 circumirent,

114 3117 130 3166 3
149 3120 225 3166 suas
250 3098 385 3182 quisque
409 3097 615 3163 contraheret
638 3099 757 3182 copias.
798 3098 839 3164 ad
861 3098 1021 3185 Antigoni
1045 3105 1155 3166 autem

149 3187 376 3254 refrenandum
407 3187 566 3272 impetum
598 3187 664 3251 tale
696 3187 785 3271 capit
820 3188 1001 3252 eonsilium.
1047 3193 1154 3253 certos

149 3276 254 3342 mittit
284 3275 432 3341 homines
460 3275 500 3339 ad
531 3274 660 3340 infimos
688 3278 829 3359 montes,
862 3276 917 3359 qui
945 3276 1033 3340 obvii
1062 3280 1155 3342 erant

149 3365 259 3432 itineri
283 3364 548 3445 adversariorum,
571 3363 677 3446 iisque
693 3364 853 3447 praecipit
870 3366 909 3427 ut
925 3364 1032 3446 prima
1049 3369 1155 3448 nocte,

150 3475 248 3536 quam
271 3453 430 3519 latissime
453 3451 590 3537 possint,
612 3453 705 3538 ignes
728 3450 851 3517 faciant
874 3473 972 3535 quam
995 3453 1154 3517 maximos

132 3544 239 3618 atque
258 3540 326 3606 Iros
346 3540 492 3609 secunda
515 3539 629 3628 vigilia
652 3539 815 3621 minuant,
839 3539 938 3605 tertia
960 3541 1154 3628 perexiguos
