2400 3922
129 208 172 271 42
491 208 525 261 X.
544 206 641 262 111οΝ
671 212 761 277 110

129 351 315 416 viderenthr
337 351 455 416 venire.
486 350 511 414 ii
529 355 664 435 propter
681 317 835 415 notitiam
854 354 930 415 sunt
948 350 1142 417 intromissi.

95 443 165 504 411
187 440 276 503 111111
299 442 337 504 11
360 439 460 504 limen
478 439 649 522 intrarant,
670 437 797 504 foribus
821 438 1010 502 obseratis
1000 461 1036 503 1n
1053 433 1141 505 lecto

130 528 250 592 cubant
236 531 304 592 tem
326 526 496 611 invadunt,
529 488 701 612 colligabit:
733 526 772 589 fit
795 525 966 609 strepitus,
999 526 1079 592 adeo
1103 532 1142 592 ut

44 685 53 701 ‚
94 615 275 680 sexaudiri
301 618 415 716 posset
441 577 531 679 foris.
575 614 643 698 hic,
676 614 760 678 sicut
788 617 864 678 ante
892 634 987 697 saepe
1016 614 1141 680 dictum

130 706 189 786 est,
213 724 311 804 quam
334 703 440 767 invisa
463 702 507 770 sit
530 665 704 788 singularis
728 700 877 785 potentia
900 704 933 766 et
956 701 1142 802 miseranda
1171 747 1174 754 -

129 754 212 875 1111,
239 791 296 874 qui
319 812 353 855 se
376 790 492 854 metui-
503 812 600 873 quam
624 790 726 854 amari
750 789 889 873 malunt,
919 789 1020 855 cuivis
1043 789 1141 856 facile

95 842 300 943 sintellectu
322 877 395 942 fuit.
430 899 570 961 namque
593 878 675 941 illi
665 877 730 961 ipsi
753 880 825 941 cust
810 876 913 961 todes,
936 878 965 941 si
987 884 1141 963 prompta

129 967 269 1032 luissent
296 966 478 1048 voluntate,
506 965 630 1030 foribus
659 965 800 1030 effractis
829 986 957 1029 servare
981 987 1056 1030 eum
1085 989 1140 1051 po-

129 1055 284 1154 tuissent,
317 1053 423 1135 quoad
454 1016 544 1116 illi'
534 1057 719 1117 mermest
705 1042 807 1117 telum
838 1051 919 1118 foris
950 1052 1139 1139 flagitantes

129 1142 239 1205 111111
270 1141 434 1205 tenebant.
480 1141 532 1206 cui
564 1163 638 1206 cum
670 1144 872 1206 succurreret
903 1162 1017 1224 nemo,
1049 1140 1138 1226 Lyco

130 1229 262 1311 quidam
281 1226 503 1312 Syracusanus
522 1251 581 1314 per
598 1228 775 1294 fenestram
794 1228 940 1314 gladium
958 1191 1056 1313 declit,
1076 1251 1139 1314 quo

129 1315 217 1380 Dion
239 1315 429 1382 interfectus
454 1320 513 1381 est.

81 1405 121 1472 10
219 1403 376 1470 Confecta
399 1405 504 1490 caede,
528 1427 602 1470 cum
624 1405 800 1469 multitudo
823 1405 949 1470 visendi
966 1405 1076 1490 gratia
1094 1405 1140 1470 in·

129 1494 279 1577 troisset,
310 1494 458 1559 nonnulli
487 1494 528 1557 ab
556 1493 681 1558 insciis-
695 1514 755 1577 pro
782 1492 889 1558 noxiis
917 1492 1139 1558 conciduntur.

129 1603 206 1646 nam
230 1582 327 1647 celeri
350 1604 479 1647 rumore
502 1582 619 1665 dilato,
646 1580 745 1645 Dioni
773 1581 840 1645 vim
868 1579 1016 1664 allatam,
1044 1581 1140 1646 multi

130 1674 371 1753 concurrerant,
394 1671 512 1753 quibus
536 1669 601 1733 tale
624 1668 750 1734 facinus
774 1667 977 1751 displicebat.
1013 1667 1140 1734 iifalsa

131 1759 314 1841 suspicione
347 1759 436 1822 ducti
467 1758 674 1820 immerentes
706 1760 744 1820 ut
776 1755 951 1820 sceleratos
980 1755 1140 1821 occidunt.

95 1859 111 1907 2
129 1845 226 1909 huius
246 1845 284 1908 de
303 1848 409 1908 morte
426 1847 464 1907 ut
482 1844 592 1927 palam
614 1842 737 1907 factum
756 1848 815 1928 est,
838 1842 1033 1908 mirabiliter
1049 1843 1139 1930 vulgi

130 1936 259 1996 mutata
282 1935 332 1995 est
355 1930 516 1995 voluntas.
552 1952 630 1994 nam
653 1931 709 2013 qui
732 1932 842 1996 vivum
865 1953 939 1996 eum
962 1935 1139 2013 tyrannum

129 2019 327 2101 vocitarent,
358 2018 461 2082 eidem
488 2018 699 2082 liberatorem
721 2019 848 2102 patriae
872 2018 1066 2102 tyrannique
1090 2042 1139 2084 ex·

129 2106 295 2189 pulsorem
323 2105 563 2189 praedicabant.
610 2107 656 2170 sic
680 2107 788 2186 subito
819 2105 1042 2171 misericordia
1066 2108 1140 2172 odio

130 2196 343 2277 successerat,
374 2198 412 2257 ut
440 2216 514 2258 eum
540 2215 600 2260 suo
628 2195 784 2280 sanguine
812 2194 853 2258 ab
882 2192 1085 2279 Acherunte,
1113 2195 1140 2259 si

95 2284 278 2366 upossent,
308 2286 463 2366 cuperent
490 2283 655 2347 redimere.
701 2283 811 2365 itaque
841 2281 876 2346 in
898 2282 978 2345 urbe
1003 2283 1140 2347 celeber·

130 2371 213 2434 rimo
232 2370 314 2454 loco,
338 2371 443 2436 elatus
462 2371 600 2455 publice,
619 2371 760 2454 sepulcri
774 2373 985 2435 monumento
1001 2370 1140 2435 donatus

130 2461 189 2523 est.
234 2458 321 2523 diem
349 2459 433 2523 obiit
467 2459 597 2524 circiter
629 2480 730 2523 annos
764 2457 1001 2542 quinquaginta
1033 2462 1140 2541 natus,

131 2550 284 2630 quartum
306 2551 383 2631 post
406 2568 539 2631 annum,
568 2567 665 2630 quam
693 2568 732 2610 ex
755 2545 979 2629 Peloponneso
1004 2544 1039 2610 in
1062 2544 1140 2611 Sici-

129 2635 209 2698 liam
231 2634 380 2699 redierat.

532 2775 744 2785 ..n-o———v

439 2934 500 3005 XI.
528 2933 825 3006 IPHIORATES.

100 3070 115 3134 l
220 3067 401 3152 Iphicrates
425 3068 635 3135 Atheniensis
658 3092 724 3134 non
754 3075 824 3134 tam
847 3070 1071 3156 magnitudine
1094 3093 1140 3134 re·

78 3209 82 3217 .
131 3180 204 3223 rum
223 3161 390 3243 gestarum
408 3179 506 3240 quam
525 3158 697 3241 disciplina
715 3157 852 3222 militari
870 3158 1066 3222 nobilitatus
1081 3161 1139 3222 est.

77 3278 79 3283 ·
131 3245 195 3309 fuit
223 3246 309 3310 enim
337 3244 413 3309 talis
442 3245 518 3329 dux,
545 3251 671 3309 utnon
694 3246 800 3310 solum
823 3246 942 3310 aetatis
967 3267 1043 3310 suae
1067 3267 1157 3310 cum·

131 3333 246 3413 primis
261 3336 513 3415 compararetur,
536 3333 592 3395 sed
610 3353 651 3395 ne
669 3332 709 3395 de
723 3332 901 3395 maioribus
915 3337 996 3395 1111
1011 3333 1140 3415 quidem

96 3418 304 3500 aquisquam
332 3422 591 3500 anteponeretur.
637 3419 777 3480 multum
804 3437 880 3481 vero
910 3419 944 3480 in
975 3418 1062 3481 bello
1091 3423 1141 3482 est

128 3508 289 3585 versatus,
323 3525 423 3587 saepe
450 3503 645 3568 exercitibus
672 3503 828 3587 praefuit,
856 3524 1019 3585 nusquam·
1046 3505 1140 3587 culpa
