2400 3922
112 183 156 245 24
410 180 470 236 VII.
489 179 713 236 ALCIBIADES.
743 186 819 236 1-3.

75 343 91 391 a
111 329 209 410 atque
228 324 395 407 orationis,
413 328 452 389 ut
469 346 564 389 nemo
584 325 614 389 ei
632 328 744 476 posset
762 324 928 410 resistere,
951 346 1025 390 cum
1043 329 1122 390 tem·

111 435 172 498 pus
195 417 354 514 posceret,
376 412 569 496 laboriosus,
591 416 649 496 pat
650 413 732 496 iens3
755 412 910 496 liberalis,
933 413 1121 497 splendidas

71 571 73 575 ,
110 523 177 566 nou
196 501 303 565 minus
322 501 358 565 in
375 501 445 565 vita
463 521 561 584 quam
579 500 681 583 victu3
705 463 855 585 adfabilis,
877 464 1025 586 blandus,
1043 505 1122 567 tenr-

75 589 246 675 4poribus
279 588 488 654 callidissime
520 588 678 653 serviens:
714 588 813 673 idem,
845 552 982 654 simulac
1015 611 1049 654 se
1076 611 1121 654 re

111 678 246 742 miserat
276 698 380 761 neque
414 697 511 741 eausa
542 676 675 740 suberat
707 696 806 759 quare
839 677 939 740 animi
974 677 1122 742 laborem

110 765 284 850 perferret,
315 765 514 848 luxuriosus,
544 763 736 849 dissolutus,
767 763 975 849 libidinosus,
1006 765 1121 830 intem·

110 867 228 937 perans
258 853 494 937 reperiebatur,
521 855 559 916 ut
586 873 697 917 omnes
726 852 964 917 admirarentur
995 853 1029 917 in
1057 874 1121 918 uuo

110 942 241 1007 homine
260 944 387 1005 tantam
406 961 476 1005 esse
495 939 793 1005 dissimilitudinem
812 945 944 1024 tamque
961 940 1120 1006 diversam

109 1035 271 1095 naturam.

76 1119 96 1182 2
198 1116 365 1181 Educatus
385 1120 436 1182 est
454 1117 490 1180 in
507 1116 603 1181 domo
617 1115 735 1181 Pericli
750 1114 932 1203 (privignus
947 1117 1035 1181 enim
1052 1118 1120 1182 eius

109 1205 211 1269 fuisse
238 1204 318 1268 dicit
303 1202 387 1290 t,ur)
419 1205 564 1269 eruditus
594 1225 613 1268 a
641 1203 784 1269 Socrate.
829 1226 978 1270 socerum
1004 1204 1122 1270 habuit

109 1291 344 1376 Hipponicum,
377 1292 522 1357 omnium
551 1289 674 1357 Graeca
704 1293 816 1378 lingua
844 1293 1049 1376 loquentium
1075 1293 1120 1356 di·

110 1380 284 1481 tissimum,
306 1384 353 1464 ut,
376 1381 404 1445 si
426 1381 497 1464 ipss
519 1379 641 1466 fingere
664 1381 772 1465 vellet,
793 1402 899 1465 neque
921 1381 1017 1466 plura
1033 1381 1121 1446 bona

111 1467 258 1533 eminisci
281 1490 385 1553 neque
408 1468 532 1533 maiora
554 1473 666 1552 posset
690 1470 853 1554 consequi,
877 1489 974 1552 quam
996 1468 1048 1534 vel
1066 1490 1120 1534 ua-

76 1573 92 1622 2
110 1561 185 1621 tura
198 1557 251 1621 rel
264 1556 332 1622 fort
317 1561 397 1622 tuna
410 1557 581 1622 tribuerat
608 1556 721 1621 ineunt
723 1578 740 1621 e
707 1556 974 1622 tadulescentia
992 1560 1120 1622 amatus

110 1649 162 1709 est
190 1667 209 1709 a
236 1646 330 1711 ιιιιι
306 1650 349 1710 trs
378 1667 467 1710 more
492 1643 739 1729 Graecorum,
730 1667 765 1709 ιιι
792 1645 839 1710 eis
863 1667 883 1709 a
907 1643 1054 1729 Socrate,
1082 1644 1120 1709 de

52 1779 53 1782 κ
111 1755 175 1817 quo
194 1735 394 1799 mentionem
412 1733 492 1797 facit
510 1732 606 1796 Plato
624 1733 659 1796 in
678 1734 852 1816 symposio.
888 1754 1028 1817 namque
1047 1754 1121 1798 eam

109 1821 237 1886 induxit
261 1822 570 1886 commemorantem
593 1840 627 1883 se
656 1824 865 1903 pernoctasse
889 1842 962 1886 cum
986 1819 1119 1886 Socrate

110 1929 214 1992 neque
237 1909 333 1972 aliter
356 1907 397 1971 ab
421 1928 459 1971 eo
484 1906 677 1992 surrexisse,
700 1929 738 1972 ao
760 1909 847 1973 filius
870 1930 890 1973 a
912 1913 1047 1992 parente
1070 1909 1121 1973 de

75 1995 227 2059 abuerit.
272 1997 486 2077 posteaquam
509 1995 675 2059 robustior
698 1999 749 2060 est
775 1995 895 2080 factus,
924 2018 990 2061 non
1013 1996 1120 2061 minus

110 2081 232 2145 multos
256 2082 390 2166 amavit,
419 2083 615 2166 inquorum
639 2105 762 2168 amore,
789 2085 895 2168 quoad
917 2084 1046 2150 licitum
1070 2088 1121 2148 est

111 2168 232 2254 odiosa,
251 2171 355 2234 multa
368 2170 506 2236 delicate
520 2171 691 2255 iocoseque
705 2172 797 2238 fecit:
821 2194 903 2256 quae
917 2172 1121 2256 referremus,

109 2257 173 2322 nisi
196 2257 320 2324 maiora
342 2259 472 2343 potiora
494 2259 695 2324 haberemus.

75 2345 124 2498 3t
197 2344 290 2412 Bello
314 2345 550 2432 Peloponnesio
580 2348 677 2413 huius
700 2348 836 2413 consilio
860 2352 958 2432 atque
982 2348 1120 2413 auctori·

110 2438 179 2499 tate
146 2434 423 2502 tAthenienses
453 2437 577 2501 bellum
606 2434 817 2520 Syracusanis
847 2436 1042 2502 indixerunt.
1080 2436 1119 2500 ad

111 2524 197 2607 quod
219 2525 427 2611 gerendum
418 2546 488 2608 rpse
512 2525 576 2589 dux
600 2524 817 2588 deleotust
767 2527 830 2607 est,
860 2524 924 2589 duo
951 2527 1120 2609 praeterea

75 2625 91 2674 a
110 2611 253 2713 collegae
273 2613 350 2697 dati,
368 2611 465 2677 Nicia
483 2615 517 2675 et
530 2610 722 2676 Lamachus.
753 2612 788 2676 id
806 2573 880 2676 ciam
898 2615 1119 2696 appararetur,

110 2700 201 2782 prius
227 2721 323 2782 quam
347 2700 460 2764 classis
485 2700 596 2783 exiret,
619 2698 792 2764 acciditt
755 2703 792 2763 ut
810 2721 875 2763 una
892 2703 989 2765 nocte
1008 2721 1119 2764 omnes

109 2785 268 2869 Hermae,
300 2787 356 2867 qui
388 2787 423 2850 in
455 2786 574 2870 oppido
607 2791 699 2851 eraut
730 2786 885 2871 Athenis,
918 2787 1120 2852 deicerentur

109 2875 240 2956 praeter
262 2893 371 2956 unum,
395 2874 451 2956 qui
474 2878 550 2939 ante
572 2875 703 2939 ianuam
726 2878 796 2939 erat
814 2874 974 2941 Andocidi
996 2873 1120 2961 (itaque

75 2960 166 3024 ailla
197 2963 314 3043 postea
343 2924 523 3026 ιιιιοιιιιιιι
551 2961 711 3027 Andocidi
743 2964 867 3028 vocitat
867 2985 905 3028 us
938 2959 1012 3048 est).
1058 2963 1120 3027 hoc

110 3070 184 3113 eum
207 3053 379 3131 appareret
400 3070 467 3114 non
487 3051 556 3114 sine
576 3071 694 3151 magna
712 3051 890 3117 multorum
910 3051 1120 3116 consensione

110 3157 181 3202 esse
204 3136 271 3201 fact
257 3140 337 3221 tum,
361 3157 442 3220 quae
465 3159 531 3202 non
554 3138 594 3202 ad
616 3139 787 3224 privatam,
813 3139 869 3204 sed
892 3140 933 3203 ad
955 3139 1120 3224 publicam

109 3247 178 3291 rem
197 3225 384 3310 pertineret,
407 3245 544 3328 magnus
563 3227 659 3291 multr
633 3227 766 3292 ttudini
785 3228 885 3292 timor
903 3231 954 3292 est
971 3227 1120 3308 iniectus,

108 3335 150 3380 ne
174 3336 238 3397 qua
260 3314 430 3398 repentina
448 3315 497 3377 vis
516 3314 701 3380 incivitate
720 3316 901 3398 exsisteret,
924 3337 1006 3398 quae
1025 3315 1120 3378 liber·

73 3406 213 3467 statem
241 3403 440 3488 opprimeret
466 3402 587 3487 populi.
632 3402 694 3468 hoc
722 3405 861 3468 maxime
888 3404 1059 3468 convenire
1087 3402 1121 3465 in

109 3490 314 3555 Alcibiadem
328 3492 507 3572 videbatur,
526 3492 612 3573 quod
627 3496 660 3556 et
677 3491 844 3576 potentior
857 3495 891 3555 et
905 3491 1009 3555 maior
1023 3511 1120 3575 quam
