2400 3922
105 217 148 282 90
399 214 500 271 XXIII.
520 213 719 270 HANNIBAL.
747 219 771 269 2.
791 219 816 269 8.
948 221 950 224 ⁴

107 382 186 446 pore
209 360 286 425 dato
310 359 391 425 adiit
414 359 455 424 ad
478 379 601 444 regem,
629 358 721 441 eique
751 379 824 423 cum
852 358 957 422 multa
986 358 1025 423 de
1053 357 1116 424 fide

107 451 219 514 suaet
237 447 311 513 odio
330 447 366 512 in
378 446 544 512 Romanos
559 450 855 530 commemorasset,
877 446 940 511 hoo
954 446 1116 512 adiunxit:

107 535 212 621 ‘pater
249 533 352 599 meus’
385 534 493 618 inquit
525 532 704 599 ‘Hamilcar
739 534 875 617 puerulo
902 554 969 618 me,
999 537 1116 618 utpote

106 645 174 690 non
201 623 341 707 amplius
370 643 487 688 novem
515 643 617 687 annos
648 625 736 706 nato,
767 621 802 686 in
831 620 1027 705 Hispaniam
1058 623 1116 687 im·

107 715 240 797 perator
266 711 473 796 proficiscens
497 708 700 794 Karthagine
723 708 794 774 Iovi
824 710 949 794 optimo
972 710 1115 775 maximo

71 799 234 866 lhostias
257 798 447 865 immolavit.
478 819 559 881 quae
578 797 688 862 divina
705 817 756 862 res
775 797 851 863 dum
875 797 1116 882 conficiebatur,

107 885 781 1057 tl{emitteIlliberales?
788 885 1116 1057 sustulit&

107 1064 229 1146 pissem
250 1084 292 1126 ne
315 1061 480 1126 dubitaret
503 1061 631 1145 ducere,
660 1065 732 1126 tum
753 1061 823 1145 ille,
846 1060 977 1145 faciam,
1000 1062 1116 1146 inquit,

109 1151 138 1215 si
165 1149 247 1214 mihi
277 1149 374 1213 fidem
402 1169 500 1231 quam
526 1149 660 1232 postulo
689 1149 823 1213 dederis.
869 1149 973 1233 simul¹
996 1171 1047 1214 me
1076 1149 1116 1213 ad

109 1258 200 1303 aram
223 1236 366 1319 adduxit,
388 1236 474 1320 apud
492 1257 590 1319 quam
609 1236 790 1302 sacrificare
812 1237 1011 1322 instituerat,
1033 1258 1117 1302 eam-

109 1346 171 1408 que
199 1323 315 1389 ceteris
343 1324 477 1388 remotis
501 1327 666 1389 tenentem
689 1324 795 1389 iurare
818 1325 916 1389 iussit
937 1345 1117 1408 numquam

75 1422 91 1471 5
109 1434 161 1478 me
179 1413 215 1477 in
233 1411 378 1476 amicitia
397 1433 470 1476 cum
483 1411 640 1476 Romanis
659 1411 737 1476 fore.
770 1412 804 1477 id
813 1432 879 1498 ego
893 1412 1118 1477 iusiurandum

108 1499 196 1585 patri
224 1500 337 1565 datum
364 1521 466 1583 usque
493 1500 645 1565 adhunc
672 1503 815 1565 aetatem
843 1501 892 1565 ita
919 1499 1117 1584 conservavi,
1160 1500 1163 1508 '

108 1593 147 1653 ut
168 1587 291 1653 nemini
314 1587 448 1653 dubium
471 1609 541 1653 esse
565 1587 693 1671 debeat,
721 1588 801 1670 quin
822 1587 947 1671 reliquo
970 1592 1118 1673 tempore

74 1677 222 1743 academ
249 1680 358 1741 mente
385 1676 449 1740 sim
475 1675 613 1740 futurus.
659 1697 759 1759 quare
787 1675 815 1740 si
842 1675 921 1758 quid
948 1676 1052 1742 amice
1079 1677 1118 1742 de

109 1764 266 1829 Romanis
295 1764 470 1849 cogitabis,
501 1785 568 1828 non
598 1763 820 1847 imprudenter
850 1762 978 1848 feceris,
1010 1764 1039 1828 ai
1067 1785 1117 1828 me

111 1852 240 1935 celaris3
263 1872 336 1916 cum
355 1851 486 1933 quidem
503 1850 626 1914 bellum
643 1851 784 1935 parabis,
806 1854 839 1915 te
857 1851 965 1935 ipsum
982 1849 1118 1916 frustra-

109 1939 207 2021 beris,
230 1938 258 2000 si
280 1957 347 2000 non
369 1958 420 2000 me
442 1937 478 2000 in
500 1958 538 2000 eo
561 1936 741 2021 principem
757 1937 927 2022 posueris?

75 2023 96 2087 3
198 2022 272 2088 Hac
293 2023 396 2108 Igitur
420 2044 484 2106 qua
506 2022 646 2090 diximus
670 2029 778 2091 aetate
801 2047 875 2092 oum
897 2031 990 2110 patre
1008 2026 1043 2091 in
1061 2026 1118 2090 Hi·

111 2111 260 2196 spaniam
282 2109 447 2194 profectus
465 2115 528 2196 est,
552 2112 642 2177 euius
660 2118 737 2199 post
755 2113 890 2198 obitum,
912 2113 1118 2180 Hasdrubale

110 2200 308 2283 imperatore
327 2197 472 2283 suffecto,
491 2199 652 2282 equitatui
672 2202 760 2266 omni
778 2200 928 2286 praefuit.
959 2201 1024 2268 hoc
1042 2224 1119 2286 quo·

111 2309 174 2371 que
196 2284 368 2352 interfecto
392 2287 551 2353 exercitus
575 2309 736 2353 summam
758 2289 888 2373 imperii
911 2290 952 2354 ad
974 2311 1049 2355 cum
1068 2291 1118 2355 de-

111 2375 197 2441 tulit.
237 2375 271 2440 id
293 2374 532 2461 Karthaginem
555 2375 697 2441 delatum
719 2376 848 2461 publice
871 2378 1119 2463 comprobatum

74 2475 92 2524 2
111 2468 171 2530 eet.
207 2463 254 2528 sic
268 2462 433 2528 Hannibal
452 2463 558 2528 minor
577 2463 718 2547 quinque
732 2468 766 2529 et
779 2465 897 2550 viginti
914 2466 1007 2531 annis
1021 2470 1118 2532 natus

111 2553 290 2636 imperator
316 2550 422 2616 factus
449 2551 597 2636 proximo
625 2551 765 2617 triennio
790 2575 901 2618 omncs
924 2558 1039 2639 gentes
1062 2554 1119 2619 Hi·

112 2640 244 2725 spaniae
258 2639 345 2704 bello
360 2639 500 2724 subegit,
519 2636 710 2725 Sagrmtum,
730 2639 929 2707 foederatam
944 2642 1119 2728 civitatem,

75 2729 144 2792 ovi
167 2727 373 2812 expugnavit,
396 2731 463 2791 tres
483 2727 642 2792 exercitus
660 2728 819 2793 maximos
839 2731 1049 2814 comparauit.
1080 2753 1119 2796 ex

111 2815 164 2880 his
187 2835 288 2878 unum
310 2814 346 2877 in
362 2812 509 2880 Africam
532 2815 631 2899 misit,
654 2817 793 2880 alterum
816 2839 890 2882 cum
912 2816 1118 2884 Hasdrubale

111 2901 213 2966 fratre
235 2901 270 2964 in
291 2899 452 2983 Hispania
474 2901 616 2985 reliquit,
639 2903 774 2967 tertium
796 2903 831 2969 in
853 2903 986 2970 Italiam
1008 2928 1119 2972 secum

113 2987 213 3053 duxit.
248 2992 285 3052 ut
306 2986 425 3052 saltum
447 2987 648 3072 Pyrenaeum
671 2991 812 3076 transiit,
835 3013 1038 3077 quacumque
1056 2995 1120 3061 iter

112 3076 204 3160 fecit,
237 3096 310 3141 cum
340 3075 490 3140 omnibus
522 3076 637 3142 incolis
667 3078 827 3145 conflixIt:
862 3081 1025 3147 neminem
1055 3084 1138 3149 nisi·

77 3167 235 3232 evictum
259 3163 391 3229 dimisit
428 3164 469 3228 ad
486 3163 588 3249 Alpes
610 3170 825 3251 posteaquam
847 3169 944 3253 venit,
968 3190 1033 3253 qua
1055 3170 1121 3236 Ita-

112 3254 191 3318 liam
219 3254 259 3318 ab
285 3250 393 3317 Gallia
420 3253 608 3339 seiungunt,
638 3276 718 3337 quas
745 3277 839 3321 nemo
867 3278 1023 3340 umquam
1047 3281 1120 3325 cum

523 3346 630 3408 raeter
659 3341 834 3409 Herculem
858 3342 994 3411 Graium
1017 3351 1122 3412 trans·

112 3430 197 3494 ierat
224 3426 303 3515 (quo
330 3429 419 3495 Iacto
447 3430 475 3494 is
500 3364 600 3494 bodie
628 3431 732 3496 saltus
763 3429 881 3497 Graius
914 3433 1121 3522 appellatur),

96 3514 242 3596 Alpu‘oos
254 3521 415 3584 conantes
431 3516 610 3605 prohibere
623 3518 768 3585 transitu
779 3519 930 3605 concidit,
947 3522 1020 3588 loca
1033 3529 1122 3607 pate·

113 3342 256 3423 exercitu
288 3344 363 3406 ante
395 3363 469 3406 eum
