2400 3922
52 283 55 288 .
135 219 179 284 84
450 215 509 272 XX.
528 215 725 272 TIMOLEON.
753 222 832 271 3-5.

136 363 202 429 suit
224 384 262 427 ao
283 362 441 446 privatus
457 359 639 445 Syracusis,
669 360 756 443 quod
778 359 941 443 reliquum
962 359 1051 424 vitae
1072 359 1146 445 fuit,

101 451 226 516 evixit.
263 471 367 533 neque
390 471 466 515 vero
489 449 523 513 id
545 447 697 532 imperite
719 447 812 513 fecit:
834 468 911 512 nam
934 448 1022 531 quod
1045 449 1147 514 ceteri

135 559 228 624 reges
238 537 375 622 imperio
389 539 576 622 potuerrmt,
588 536 642 601 hic
656 535 876 601 benivolentia
890 535 1006 600 tenuit.
1035 537 1146 602 nullus

135 627 240 692 honos
267 625 343 692 huic
370 625 487 710 defuit,
518 644 621 708 neque
650 627 766 708 postea
795 644 846 688 res
879 623 947 688 ulla
975 621 1145 708 Syracusis

137 719 230 800 gesta
256 717 308 778 est
334 714 477 797 publice,
506 713 545 777 de
573 733 637 795 qua
664 712 754 796 prius
783 711 828 776 sit
854 711 1020 777 decretum
1048 734 1146 796 quam

101 801 351 867 oTimoleontis
375 799 701 886 sententia·eognita
745 799 867 864 nullius
893 821 1050 882 nmquam
1073 822 1146 866 con·

137 890 248 955 silium
261 911 328 955 non
340 889 436 956 modo
451 888 641 971 antelatum,
655 887 766 952 sedne
780 891 1006 971 comparatum
1016 889 1146 972 quidem

137 980 196 1043 est.
232 999 335 1061 neque
348 976 382 1041 id
401 976 506 1061 magis
520 977 586 1041 eires
603 975 823 1041 benivolentia
842 974 967 1040 factum
981 980 1034 1041 est
1048 998 1146 1059 quam

159 1066 316 1131 rudentia

101 1088 157 1217 4Ρ
224 1152 288 1217 Hie
316 1173 389 1231 cum
417 1155 524 1216 aetate
551 1152 618 1216 iam
644 1155 817 1236 provectus
847 1155 943 1235 esset,
975 1151 1046 1216 sine
1075 1152 1144 1217 ullo

137 1241 252 1305 morbo
279 1240 404 1304 lumina
431 1240 600 1306 oculorum
628 1239 747 1304 amisit.
797 1260 896 1323 quam
923 1239 1147 1305 calamitatem

136 1329 185 1393 ita
207 1327 373 1393 moderate
391 1327 478 1413 tulit,
500 1331 538 1394 ut
555 1349 659 1411 neque
678 1349 752 1392 eum
770 1331 959 1411 querentem
972 1328 1147 1411 quisquam

137 1416 277 1482 audierit
297 1436 406 1499 ‚neque
434 1437 472 1481 eo
503 1415 609 1481 minus
641 1415 778 1500 privatis
810 1415 1016 1500 publicisque
1049 1417 1146 1482 rebus

102 1520 119 1570 a
137 1503 331 1570 interfuerit.
362 1503 514 1568 veniebat
537 1508 647 1568 autem
664 1503 700 1568 in
718 1503 893 1587 theatrum,
916 1524 989 1569 eum
1006 1503 1057 1568 ibi
1074 1525 1148 1569 oon·

138 1593 250 1659 cilium
276 1592 390 1677 populi
416 1592 605 1677 haberetur,
634 1595 770 1676 propter
791 1591 1010 1656 valetudinem
1032 1596 1147 1658 rectus

137 1681 292 1747 iumentis
314 1680 444 1765 iunctis,
467 1684 565 1763 atque
587 1680 636 1745 ita
658 1680 697 1744 de
719 1677 867 1745 vehiculo
891 1700 972 1763 quae
995 1679 1147 1746 videban-

138 1773 193 1834 tur
211 1769 348 1835 dioebat.
383 1789 487 1850 neque
505 1768 568 1832 hoo
588 1767 639 1831 illi
657 1766 830 1850 quisquam
852 1767 1020 1832 tribuebat
1038 1789 1148 1853 super·
1166 1825 1171 1835 .

138 1857 225 1921 biae:
255 1856 337 1921 nihil
365 1855 452 1919 enim
478 1875 634 1936 umquam
660 1875 763 1937 neque
786 1855 930 1921 insolens
951 1875 1057 1938 neque
1080 1856 1148 1942 glo

103 1960 119 2008 s
138 1945 262 2008 ciosum
276 1963 314 2006 ex
329 1961 384 2005 ore
403 1941 472 2004 eius
491 1941 579 2005 exiit.
611 1941 668 2024 qui
687 1942 825 2027 quidem,
847 1964 922 2007 cum
940 1959 1015 2008 suas
1033 1944 1147 2009 laudes

32 2055 33 2058 ¹
138 2029 266 2094 audiret
291 2027 484 2112 praedicari,
513 2049 691 2112 numquam
719 2029 807 2094 aliud
829 2029 912 2095 dixit
934 2051 1033 2114 quam
1055 2052 1091 2096 se
1113 2032 1148 2097 in

138 2139 176 2183 ea
199 2137 233 2181 re
257 2116 396 2181 maxime
419 2116 469 2180 dis
493 2137 588 2203 agere
611 2117 734 2203 gratias
765 2122 872 2201 atqua
888 2117 1024 2204 habere,
1052 2119 1147 2203 quod,

139 2226 212 2272 oum
236 2202 381 2269 Siciliam
403 2225 548 2270 recreare
572 2205 833 2289 constituissent,
863 2210 935 2272 tum
958 2227 992 2272 se
1015 2207 1147 2292 potissi-

103 2308 120 2358 s
139 2314 229 2359 mum
252 2292 365 2358 ducem
388 2314 458 2358 esse
481 2293 670 2359 voluissent.
698 2293 780 2359 nihil
799 2294 887 2360 enim
904 2315 1013 2360 rerum
1035 2295 1148 2361 huma·

138 2404 254 2448 narum
277 2382 346 2447 sine
370 2382 504 2447 deorum
522 2381 653 2446 numine
672 2381 742 2467 geri
759 2382 917 2466 putabat3
939 2382 1052 2466 itaque
1071 2405 1147 2449 suae

139 2472 227 2537 domi
250 2470 404 2536 sacellum
422 2469 631 2535 Automatias
654 2469 870 2535 constituerat
892 2470 989 2553 idque
1012 2472 1144 2538 sanctis·

142 2559 222 2624 sime
246 2559 383 2624 colebat.
995 2592 1001 2600 ·

102 2646 124 2713 b
226 2646 278 2712 Ad
295 2647 380 2712 hanc
397 2646 540 2712 hominis
554 2646 765 2711 excellentem
783 2646 966 2712 bonitatem
980 2646 1146 2713 mirabiles
1184 2690 1187 2697 -

139 2737 343 2800 accesserant
365 2755 468 2800 casus.
500 2755 577 2799 nam
594 2734 720 2819 proelia
737 2734 879 2799 maxima
895 2734 1000 2799 natali
1017 2756 1078 2801 suo
1097 2736 1147 2801 die

138 2821 217 2885 fecit
245 2822 367 2905 omnia,
403 2843 467 2905 quo
495 2821 619 2887 factum
646 2825 762 2887 estut
791 2822 860 2887 eius
891 2823 976 2888 diem
1002 2823 1147 2890 natalem

103 2923 120 2972 a
138 2908 259 2972 fetum
281 2908 418 2973 haberet
440 2909 591 2974 universa
615 2907 735 2974 Sicilia.
770 2909 847 2976 huie
870 2910 1002 2995 quidam
1019 2910 1147 2997 Laphy-

138 2995 236 3079 stius,
267 2994 366 3060 homo
392 2996 544 3080 petulans
572 3001 606 3061 et
632 2997 794 3083 ingratus,
824 2997 1046 3065 vadimonium
1074 3021 1148 3065 cum

138 3084 238 3149 vellet
260 3083 434 3169 imponere,
457 3084 544 3167 quod
566 3106 640 3150 cum
662 3085 720 3152 illo
744 3107 778 3151 se
800 3086 873 3172 lege
897 3107 993 3172 agere
1017 3087 1148 3172 diceret,

136 3177 173 3238 et
195 3172 378 3256 complures
397 3173 646 3258 concurrissent,
669 3174 725 3257 qui
747 3175 983 3259 procacitatem
1005 3175 1147 3242 hominis

139 3261 289 3327 manibus
304 3265 451 3327 cotreere
466 3265 670 3347 conarentur,
684 3262 854 3328 Timoleon
868 3263 975 3329 orarit
989 3263 1149 3348 homines,

138 3371 179 3413 ne
210 3349 244 3413 id
274 3349 427 3415 facerent.
472 3371 612 3433 namque
643 3350 677 3415 id
707 3354 746 3416 ut
772 3348 954 3435 Laphystio
984 3356 1019 3417 et
1046 3352 1148 3419 cuivis

138 3437 265 3521 liceret,
298 3458 332 3502 se
362 3438 520 3504 maximos
547 3438 676 3504 labores
704 3459 894 3522 summaque
921 3439 1040 3506 adiisse
1067 3441 1149 3525 peri·

121 3523 205 3586 cula
251 3524 341 3592 hane
366 3527 456 3594 enim
475 3526 626 3622 speeiem
644 3527 813 3593 libertatis
835 3547 918 3612 esse,
936 3528 968 3592 sl
988 3530 1149 3614 omnibus,
