2400 3922
385 223 471 282 XVII.
490 224 699 281 AGESILAUS.
727 234 752 282 3.
771 235 796 284 4.
1053 231 1094 294 67

88 369 143 453 qui
168 370 283 435 ceteris
308 370 565 454 praestitissent,
589 392 643 435 eos
667 373 795 458 magnis
819 372 965 439 afficeret
987 397 1096 441 mune

87 459 187 523 ribus.
227 458 278 523 his
302 459 405 543 igitur
427 459 524 523 rebus
548 458 654 522 effecit
677 464 715 524 ut
737 464 771 524 et
794 461 1039 526 ornatissimum
1062 467 1096 528 et

88 546 395 611 exercitatissimum
422 546 558 611 haberet
586 548 772 614 exercitum.
815 548 892 615 huic
915 571 988 614 cunr
1017 554 1131 616 tem-4

87 656 148 718 pus
181 638 267 699 esset
299 635 407 700 visum
440 635 549 717 copias
588 635 757 701 extrahere
792 658 831 701 ex
866 637 1096 722 hibernaculis,

88 723 179 807 vidit,
202 723 239 807 si,
263 743 327 806 quo
349 726 436 788 esset
454 723 518 787 iter
536 722 691 807 facturus,
714 724 824 808 palam
841 726 1095 810 pronuntiasset,

87 810 200 875 hostes
213 832 280 875 non
294 811 473 876 credituros
489 811 634 894 aliasque
652 813 801 897 regiones
815 814 987 896 praesidiis
1006 835 1096 880 occu·

87 903 222 982 paturos
240 920 345 982 neque
365 899 572 964 dubitaturos
592 899 681 964 aliud
699 922 773 964 eum
791 899 955 966 facturum
969 924 1006 966 ac
1024 924 1096 987 pro·

87 987 279 1052 nuntiasset.
316 987 428 1070 itaque
447 1008 520 1052 cunr
538 987 594 1051 ille
614 986 724 1053 Sardis
747 989 870 1053 iturum
895 1011 929 1054 se
952 990 1096 1073 dixisset,
1114 1005 1130 1054 5

87 1073 319 1159 Tissaphernes
338 1076 473 1140 eandem
488 1074 618 1140 Cariam
636 1075 868 1141 defendendam
886 1079 1024 1161 putavit.
1061 1079 1097 1141 in

88 1184 151 1246 quo
175 1184 248 1227 curn
272 1185 345 1228 eum
369 1164 478 1247 opinio
501 1160 673 1228 fefellisset
694 1165 880 1248 victumque
904 1187 938 1230 so
961 1165 1096 1230 vidisset

87 1251 233 1335 consilio,
256 1273 328 1315 sero
353 1251 420 1314 suis
444 1251 606 1334 pracsidio
629 1251 794 1334 profectus
818 1257 876 1317 est.
921 1276 998 1319 nam
1022 1275 1096 1318 1111

87 1339 144 1403 1111
173 1339 328 1422 venisset,
355 1339 422 1402 iam
449 1336 623 1422 Agesilaus
652 1340 764 1403 multis
792 1341 873 1405 locis
901 1343 1095 1427 expugnatis
1175 1404 1179 1415 ,

87 1447 207 1512 magna
230 1430 301 1490 erat
323 1426 444 1509 praeda
465 1425 601 1507 potitus.
635 1425 721 1490 Laco
742 1431 851 1491 autem
875 1450 948 1492 oum
971 1429 1130 1493 videreta

85 1515 199 1579 hostes
215 1513 365 1596 equitatu
384 1533 545 1596 superare,
563 1534 742 1596 numquam
760 1515 795 1577 in
813 1536 927 1598 eampo
947 1517 998 1579 sui
1017 1517 1096 1581 fecit

84 1605 287 1687 potestatem
312 1604 345 1664 et
368 1600 408 1664 iis
432 1600 513 1664 locis
537 1622 670 1665 manum
689 1602 861 1685 conseruit,
886 1602 1003 1684 quibus
1022 1603 1095 1686 plus

84 1691 253 1774 pedestres
277 1689 389 1771 copiae
411 1688 565 1752 valerent.
602 1689 729 1773 pepulit
747 1711 835 1775 ergo,
859 1690 1096 1772 quotienscum-

85 1799 148 1862 que
172 1797 365 1861 congressus
389 1780 448 1860 est,
471 1777 575 1841 multo
600 1778 739 1842 maiores
764 1778 1023 1843 adversariorum
1046 1799 1096 1842 co·
1148 1801 1150 1806 ·

84 1867 156 1951 pias
181 1869 214 1929 et
238 1865 284 1929 sic
307 1866 342 1929 in
360 1863 440 1929 Asia
463 1869 611 1930 versatus
635 1870 695 1950 est,
717 1869 755 1930 ut
778 1866 924 1931 omniurn
945 1866 1096 1950 opinione

84 1955 189 2018 victor
213 1953 391 2018 duceretur.

174 2040 237 2105 Hic
270 2063 344 2106 oum
376 2042 443 2105 iam
477 2042 584 2106 animo
622 2042 835 2108 meditaretur
866 2042 1030 2128 proficisci
1060 2043 1136 2108 1114

85 2129 202 2194 Persas
226 2133 259 2193 et
281 2130 390 2213 ipsum
408 2150 519 2215 regem
538 2130 667 2213 adoriri,
689 2131 824 2195 nuntius
844 2132 873 2195 11
891 2132 988 2195 domo
1005 2131 1095 2195 venit

86 2217 281 2302 ephororum
304 2218 415 2300 missu,
440 2216 563 2280 bellum
585 2216 801 2282 Athenienses
825 2221 859 2282 et
881 2217 1025 2283 Boeotos
1048 2218 1094 2280 in·

85 2305 205 2370 dixisse
228 2304 508 2370 Lacedaemoniis:
533 2326 631 2387 quare
654 2306 763 2369 venire
785 2327 826 2369 ne
850 2306 1025 2368 dubitaret.
1061 2306 1129 2369 ina

85 2393 148 2459 hoc
165 2415 232 2458 non
250 2394 356 2458 minus
376 2393 444 2457 eius
462 2393 568 2476 pietas
588 2392 793 2476 suspicienda
806 2396 857 2456 111
874 2412 972 2474 quam
991 2392 1095 2455 virtus

86 2482 220 2546 bellica:
244 2483 301 2566 qui
320 2502 392 2546 cum
411 2481 528 2545 victori
551 2484 718 2564 praeesset
736 2479 892 2545 exercitui
910 2479 1096 2543 maximam·

87 2592 151 2653 que
175 2570 313 2635 haberet
335 2570 487 2635 fiduciam
510 2569 601 2654 regni
624 2567 798 2634 Persarum
820 2567 979 2651 potiundi,
1003 2570 1097 2630 tanta

88 2659 249 2723 modestia
282 2658 369 2723 dicto
402 2658 534 2722 audiens
566 2657 630 2721 fuit
659 2657 756 2721 iussis
786 2655 970 2720 absentium
997 2655 1096 2739 magi-

88 2751 266 2831 stratuum,
298 2752 336 2811 ut
363 2746 391 2810 si
423 2746 570 2829 privatus
602 2746 637 2809 in
669 2744 801 2811 comitio
834 2749 922 2809 esset
949 2742 1095 2828 Spartae.

87 2835 179 2899 cuius
204 2835 387 2918 exemplum
409 2835 536 2899 utinam
563 2834 776 2918 imperatores
799 2834 905 2898 nostri
928 2833 1095 2917 1111111-

85 2923 239 2988 luissent!
264 2923 321 2987 sed
343 2923 421 2987 illuc
439 2923 616 2988 redeamus.
652 2923 825 3009 Agesilaus
845 2921 1128 3008 opulentissimos

85 3031 186 3096 regno
202 3012 392 3095 praeposuit
406 3011 527 3075 bonam
546 3011 820 3076 existimationem
839 3011 1008 3093 multoque
1026 3009 1094 3092 glo-

85 3098 205 3164 riosius
229 3099 335 3182 duxit,
358 3100 387 3163 si
409 3099 572 3163 institutis
595 3100 720 3183 patriae
743 3099 921 3182 paruisset,
945 3117 1042 3180 quam
1066 3096 1094 3158 si

84 3187 173 3252 bello
197 3190 383 3272 superasset
406 3185 528 3249 Asiam.
565 3186 626 3250 hac
648 3187 750 3271 igitur
773 3190 881 3250 mente
904 3184 1093 3265 Hellespon·
1112 3196 1129 3245 4

85 3280 157 3340 tum
185 3276 296 3359 copias
324 3274 455 3339 traiecit
482 3276 638 3356 tantaque
661 3295 740 3338 usus
764 3278 815 3338 est
838 3272 1018 3352 celeritate,
1047 3274 1093 3352 ut,

85 3364 172 3447 quod
195 3365 259 3427 iter
277 3362 399 3428 Xerxes
423 3383 507 3427 anno
530 3364 678 3426 vertente
701 3361 893 3442 confecerat,
914 3358 968 3422 hie
991 3361 1094 3421 trans-

84 3451 162 3515 ierit
191 3453 328 3537 triginta
353 3451 475 3516 diebus.
508 3471 582 3515 oum
600 3449 665 3513 iam
683 3448 769 3512 haud
788 3449 837 3510 ita
854 3448 950 3531 longe
966 3445 1094 3509 abesset
1113 3461 1128 3506 1
1143 3454 1146 3461 ’

84 3561 104 3602 a
127 3538 366 3625 Peloponneso,
397 3539 556 3604 obsistere
585 3538 616 3618 11
643 3536 759 3603 conati
783 3539 867 3598 sunt
891 3531 1122 3596 summes

932 3629 971 3680 iffi
