2400 3922
403 238 424 291 1.
449 235 651 290 MILTIADES.
682 243 757 291 1-a.
1064 235 1084 297 3

75 383 165 445 tenet
179 378 321 443 Athenis
339 380 628 463 proficiscentibus.
655 379 820 460 Miltiades
839 380 987 444 morandi
1005 384 1084 444 tem·
1103 395 1119 443 a

74 490 135 553 pus
163 488 231 531 non
257 467 381 531 habens
410 489 540 533 cursum
567 467 699 551 direxit,
726 489 790 550 quo
817 467 983 553 tendebat,
1015 490 1084 551 per

74 556 227 638 venitque
252 553 497 620 Chersonesum.

162 642 215 706 Ibi
228 643 320 707 brevi
334 647 480 727 tempora
494 643 709 707 harbarorum
723 643 825 726 copiis
841 642 994 726 disiectis,
1012 646 1084 707 tota
1101 640 1124 706 2

75 732 222 816 regione,
246 753 343 814 quam
365 731 520 815 petierat,
542 731 682 814 potitus,
709 731 781 795 loca
804 730 946 796 castellis
969 730 1084 794 idonea

76 819 278 901 communiit,
293 819 544 903 multitudinem,
559 840 656 901 quam
670 839 780 884 secum
794 820 937 903 duxerat,
951 818 986 882 in
995 818 1083 902 agris

76 907 249 972 collocavit
267 907 453 989 crebrisque
468 906 711 971 excursionibus
729 907 949 991 locupletavit.
978 926 1083 988 neque
1101 918 1118 966 a

75 995 183 1059 minus
207 994 242 1058 in
265 1016 303 1058 ea
325 1016 359 1058 re
382 994 555 1078 prudentia
579 1016 676 1077 quam
699 993 856 1059 felicitate
876 994 1004 1059 adiutus
1024 998 1083 1058 est.

75 1104 151 1147 nam
172 1104 245 1146 cum
259 1082 380 1146 virtute
400 1082 543 1146 militum
562 1082 732 1147 devicisset
749 1082 895 1147 hostium
914 1081 1084 1167 exercitus,

77 1191 203 1234 summa
236 1170 401 1252 aequitate
433 1191 485 1233 res
518 1170 691 1235 constituit
723 1173 820 1252 atque
856 1171 926 1254 ipse
961 1170 1082 1233 ibidem

76 1279 206 1322 manere
229 1257 379 1322 decrevit.
412 1258 591 1321 eratenim
613 1258 699 1321 inter
722 1278 777 1321 eos
801 1258 961 1343 dignitate
984 1258 1116 1342 regias

78 1367 275 1428 quamquam
302 1345 433 1410 carebat
459 1345 602 1428 nomine,
629 1367 733 1428 neque
760 1345 795 1410 id
816 1346 922 1431 magis
945 1346 1082 1430 imperio

78 1455 175 1516 quam
202 1433 331 1497 iustitia
358 1436 558 1498 consecutus.
593 1453 697 1514 nequo
720 1453 758 1497 eo
782 1433 885 1498 setius
907 1432 1082 1497 Athenien-

77 1521 175 1604 sibus,
199 1520 354 1603 aquibus
374 1524 443 1585 erat
461 1520 636 1604 profectus,
660 1519 768 1583 officia
785 1520 982 1602 praestabat.
1015 1521 1082 1602 qui·

76 1609 135 1673 bus
157 1609 254 1672 rebus
272 1608 373 1672 fiebat
391 1613 512 1673 utnon
530 1607 637 1671 minus
657 1628 769 1670 eorum
787 1607 955 1671 voluntate
972 1628 1082 1690 perpe-

76 1702 170 1761 tuum
188 1696 362 1779 imperium
377 1696 549 1780 obtineret,
568 1695 624 1778 qui
642 1695 808 1780 miserant,
826 1716 924 1777 quam
941 1694 1082 1778 illorum,

77 1807 149 1850 cum
169 1784 287 1867 quihus
307 1787 377 1848 erat
394 1782 568 1867 profectus.
600 1782 802 1848 Chersoneso
821 1782 881 1846 tali
900 1782 995 1847 modo
1010 1794 1117 1847 con-4

30 1952 31 1958 ἵ
77 1872 196 1938 stituta
222 1870 381 1936 Lemnum
413 1872 588 1935 revertitur
615 1875 649 1935 et
675 1893 714 1935 ax
743 1875 839 1955 pacto
871 1871 1018 1956 postulat
1044 1875 1083 1935 ut

77 1960 139 2025 sibi
166 1960 281 2024 urbem
307 1959 453 2024 tradant:
491 1959 554 2038 [illi
582 1959 668 2023 enim
695 1959 856 2043 dixerant,
884 1982 958 2023 cum
984 1963 1081 2024 vento

76 2049 175 2113 borea
199 2048 294 2111 domo
317 2046 482 2130 profectus
506 2068 543 2110 eo
567 2046 780 2132 pervenisset,
807 2068 877 2112 sese
901 2047 1080 2128 dedituros]

77 2157 110 2201 se
132 2137 216 2201 enim
239 2136 371 2199 domum
393 2134 587 2200 Chersonesi
613 2134 740 2199 hahere.
786 2132 899 2218 Cares,
928 2135 983 2217 qui
1010 2139 1081 2199 tum
1100 2146 1116 2194 5

77 2222 235 2289 Lemnum
258 2222 457 2306 incolebant,
482 2223 544 2286 etsi
567 2226 697 2305 praeter
720 2223 904 2305 opinionem
927 2244 979 2286 res
1003 2223 1081 2288 ceci-

78 2313 181 2395 derat,
209 2315 411 2374 tamennon
438 2310 539 2394 dicto,
567 2311 623 2374 sed
651 2310 789 2373 secunda
816 2309 946 2374 fortuna
973 2311 1082 2375 adver-

78 2401 237 2464 sariorum
265 2398 353 2481 capti
374 2398 525 2462 resistere
554 2397 624 2461 ausi
649 2418 715 2460 non
742 2400 818 2460 sunt
846 2401 944 2477 atque
969 2418 1008 2459 ex
1035 2398 1081 2460 in-

78 2489 146 2552 sula
165 2486 396 2570 demigrarunt.
428 2485 500 2568 pari
518 2484 674 2548 felicitate
698 2486 820 2549 ceteras
843 2483 975 2565 insulas,
998 2504 1080 2565 quac

78 2574 233 2659 Cyclades
259 2573 483 2657 nominantur,
513 2574 573 2637 sub
596 2571 846 2637 Atheniensium
873 2570 999 2656 redegit
1025 2593 1080 2656 po

76 2667 237 2728 testatem.

162 2749 297 2815 Eisdem
320 2748 522 2833 temporibus
541 2746 713 2812 Persarum
732 2769 788 2811 rex
805 2747 925 2811 Darius
945 2770 984 2812 ox
999 2749 1080 2815 Asia
1098 2745 1119 2810 3

76 2838 108 2902 in
129 2838 298 2922 Europam
326 2837 469 2901 exercitu
495 2835 633 2900 traiecto
658 2833 788 2918 Scythis
816 2836 939 2900 bellum
961 2836 1079 2901 infame

76 2926 225 2992 decrevit.
265 2929 400 3009 pontem
422 2923 502 2989 fecit
523 2923 558 2987 in
579 2923 695 2987 Histro
718 2922 859 3007 flumine,
882 2945 946 3006 qua
969 2926 1079 3008 copias
1106 2923 1108 2928 ’

75 3016 267 3080 traduceret.
313 3012 382 3077 aius
409 3012 533 3096 pontis,
560 3011 636 3075 dum
663 3011 733 3093 ipsc
761 3011 902 3095 abesset,
929 3014 1079 3077 custodes

74 3102 208 3186 reliquit
236 3101 413 3185 principes,
445 3120 526 3182 quos
556 3120 665 3163 secum
695 3119 734 3162 ex
762 3097 854 3163 Ionia
883 3102 916 3162 et
943 3099 1078 3164 Aeolide

75 3191 223 3274 duxerat,
273 3189 369 3254 uibus
392 3188 594 3273 singularum
616 3186 747 3250 urbium
768 3192 925 3270 perpetua
948 3186 1079 3250 dederat

74 3278 218 3363 imperia.
255 3276 303 3342 sio
326 3277 412 3340 enim
434 3275 587 3339 facillime
611 3275 739 3357 putavit
762 3295 797 3338 se
821 3273 944 3338 Graeca
966 3272 1113 3356 linguas

73 3365 258 3450 loquentes,
281 3364 336 3447 qui
360 3363 474 3428 Asiam
496 3362 690 3445 incolerent,
713 3361 773 3426 sub
796 3383 855 3425 sua
877 3363 1078 3424 retenturum

74 3457 252 3538 potestate,
284 3453 313 3517 si
341 3451 453 3516 amicis
484 3449 551 3514 suis
583 3449 701 3534 oppida
733 3449 854 3511 tuenda
883 3446 1095 3524 tradidisset,

75 3542 192 3625 quibus
219 3561 254 3606 se
282 3561 435 3624 oppresso
462 3537 556 3605 nulla
588 3560 666 3626 spes
698 3535 821 3604 salutis
849 3533 1120 3684 ralimpuexetxm.
