2400 3922
112 219 154 283 62
402 216 462 272 XV.
481 213 752 272 EPAMINONDAS.
782 220 823 271 10.

76 381 92 429 s
112 365 287 448 superstes,
310 360 366 426 sed
390 360 490 425 etiam
512 360 708 425 immortalis
731 359 776 424 sit
798 376 928 425 necesse
952 358 1023 424 est?
1059 381 1125 444 quo

111 456 256 535 tempore
285 450 364 515 duce
388 447 545 533 Pelopida
572 449 681 514 exules
704 447 833 513 Thebas
862 452 1062 532 occuparunt
1089 453 1125 513 et

109 538 306 623 praesidium
321 536 651 602 Lacedaemoniomm
665 558 705 601 ex
726 557 798 601 arce
817 537 1020 622 expulerunt,
1038 536 1121 621 Ilpa·

111 627 291 711 minondas,
314 626 468 710 quamdiu
490 625 579 690 facta
602 628 653 689 est
676 625 789 690 caedes
813 624 941 710 civium,
967 625 1064 691 domo
1088 648 1123 690 se

110 716 230 800 tenuit,
262 714 350 798 quod
381 735 485 799 neque
518 712 688 779 defendere
720 713 824 778 malos
854 713 986 779 volebat
1016 735 1122 799 neque

111 805 317 890 impugnare,
348 824 388 867 ne
418 822 533 866 manus
566 823 699 867 snorum
731 802 890 888 sanguine
923 807 1121 867 amentaret:

109 914 249 976 namque
273 911 402 956 omnem
425 890 554 955 civilem
581 889 753 956 victoriam
780 889 944 956 funestam
973 893 1121 974 putabat.

110 981 208 1065 idem,
235 983 411 1064 postquam
439 979 525 1061 apud
552 976 728 1043 Cadmeam
755 1000 829 1044 cum
856 977 1120 1045 Lacedaemoniis

109 1067 248 1154 pugnari
272 1071 423 1150 coeptum
446 1070 506 1151 est,
527 1067 563 1131 in
584 1066 700 1150 primis
724 1067 826 1132 stetit.

74 1171 91 1219 4
197 1154 303 1219 Huius
327 1155 366 1218 de
389 1153 567 1219 virtutibus
590 1155 722 1240 vitaque
746 1156 827 1220 satis
843 1156 913 1220 erit
936 1156 1069 1239 dictum,
1094 1158 1121 1222 si

108 1244 171 1309 hoc
193 1265 295 1307 unum
318 1243 503 1326 adiunxero,
527 1243 613 1328 quod
634 1264 731 1308 nemo
753 1243 818 1307 ibit
835 1242 966 1328 infitias,
989 1243 1121 1310 Thebas

109 1335 143 1396 et
166 1335 242 1396 ante
265 1329 526 1415 Epaminondam
548 1335 663 1397 natum
687 1335 720 1397 et
741 1336 819 1415 post
842 1332 986 1397 eiusdem
1009 1333 1121 1398 interi·

108 1425 180 1484 tum
193 1422 350 1504 perpetuo
365 1419 471 1484 alieno
485 1419 632 1504 paruisse
651 1419 799 1505 imperio,
815 1425 931 1486 contra
944 1442 991 1506 ea,
1011 1443 1120 1505 quam-

109 1508 165 1573 diu
190 1507 246 1571 ille
273 1507 452 1591 praefuerit
478 1508 526 1572 rei
552 1509 718 1593 publicae,
750 1512 848 1593 caput
880 1508 982 1574 fuisse
1015 1510 1120 1575 totius

110 1595 273 1663 Graeciae.
319 1617 359 1661 ex
390 1617 455 1680 quo
487 1597 636 1682 intellegi
666 1599 780 1680 potest
815 1619 916 1661 unum
952 1599 1119 1663 hominem

108 1684 211 1769 pluris
234 1706 333 1768 quam
356 1685 523 1750 civitatem
545 1684 655 1773 fuisse,

418 1984 512 2058 XVI.
539 1983 812 2058 PELOPIDAS.

76 2125 93 2188 l
197 2124 370 2208 Pelopidas
383 2122 567 2207 Thebanus,
589 2122 695 2208 magis
713 2122 881 2188 historicis
899 2144 999 2206 quam
1019 2126 1120 2210 vulgo

108 2217 215 2278 notus.
261 2213 351 2279 cuius
380 2211 419 2276 de
446 2211 625 2277 virtutibus
652 2210 767 2276 dubito
795 2232 891 2294 quem
918 2211 959 2275 ad
987 2213 1121 2278 modum

109 2321 282 2387 exponam,
309 2300 396 2385 quod
418 2321 544 2384 vereor,
572 2300 601 2364 si
624 2321 676 2365 res
699 2299 860 2384 explicare
883 2299 1052 2383 incipiam,
1078 2323 1119 2366 ne

108 2412 175 2456 non
188 2390 291 2455 vitam
305 2390 375 2454 eius
394 2409 553 2475 enarrare,
576 2388 632 2453 sed
649 2388 824 2453 historiam
837 2388 948 2452 videar
968 2388 1121 2475 scribere,

110 2479 162 2543 sin
189 2478 416 2543 tantummodo
444 2497 587 2543 summas
615 2476 771 2562 attigero,
797 2498 838 2540 ne
862 2476 997 2541 rudibus
1023 2475 1120 2543 Grae-

109 2588 220 2632 carum
251 2566 438 2631 litterarum
467 2567 574 2631 minus
606 2564 745 2629 dilucide
775 2568 944 2648 appareat,
977 2571 1119 2648 quantus

108 2655 208 2720 fuerit
231 2654 285 2718 ille
309 2654 367 2718 vir.
401 2654 512 2736 itaque
535 2653 666 2736 utrique
689 2651 737 2716 rei
760 2672 937 2737 occurram,
961 2658 1120 2737 quantum

108 2745 260 2826 potuero,
292 2744 326 2805 et
354 2741 508 2806 medebor
535 2761 608 2806 oum
636 2739 782 2804 satietati
811 2742 883 2803 tum
914 2740 1120 2826 ignorantiae

111 2830 279 2893 lectorum.

75 2932 90 2980 a
198 2914 381 2979 Phoebidas
409 2913 683 2979 Lacedaemonius
716 2937 790 2980 cum
817 2917 995 2982 exercitum
1022 2917 1120 3004 Olyn-

110 3004 204 3068 thum
227 3002 358 3067 duoeret
381 3003 507 3085 iterque
529 3024 588 3087 per
610 3002 738 3068 Thebas
765 3003 901 3089 faceret,
929 3027 1038 3071 arcem
1065 3028 1120 3091 op·

110 3091 197 3177 pidi,
233 3112 315 3175 quae
352 3088 492 3155 Cadmea
527 3091 732 3177 nominatur,
769 3093 940 3177 occupavit
975 3094 1120 3179 impulsu

110 3201 288 3266 paucorum
310 3178 553 3264 Thebanorum,
582 3181 638 3263 qui
665 3181 867 3246 adversariae
894 3181 1031 3248 factioni
1054 3205 1119 3268 quo

95 3269 239 3350 ,facilius
262 3268 466 3352 resisterent,
494 3267 660 3334 Laconum
683 3270 779 3334 rebus
804 3270 993 3354 studebant,
1022 3271 1120 3356 idque

59 3375 91 3442 *a
112 3380 170 3424 suo
188 3360 327 3444 privato,
348 3379 415 3423 non
432 3357 564 3442 publico
582 3356 660 3423 feeit
679 3358 824 3423 consilio.
858 3379 923 3442 quo
942 3358 1030 3424 facto
1045 3381 1120 3424 eum

111 3445 358 3512 Lacedaemonii
377 3447 419 3512 ab
437 3446 581 3512 exercitu
600 3451 807 3512 removerunt
824 3446 1025 3531 pecuniaque
1040 3447 1121 3512 mul-

96 3538 226 3616 raama,
255 3557 366 3620 neque
390 3557 429 3602 eo
452 3535 559 3622 magis
583 3557 691 3602 arcem
712 3533 875 3599 Thebanis
903 3534 1121 3619 reddiderunt,
