<?xml version="1.0" encoding="UTF-8"?>
<!DOCTYPE html PUBLIC "-//W3C//DTD XHTML 1.0 Transitional//EN"
    "http://www.w3.org/TR/xhtml1/DTD/xhtml1-transitional.dtd">
<html xmlns="http://www.w3.org/1999/xhtml" xml:lang="en" lang="en">
 <head>
  <title>
</title>
<meta http-equiv="Content-Type" content="text/html;charset=utf-8" />
  <meta name='ocr-system' content='tesseract 3.04.00' />
  <meta name='ocr-capabilities' content='ocr_page ocr_carea ocr_par ocr_line ocrx_word'/>
</head>
<body>
  <div class='ocr_page' id='page_1' title='image "./corneliinepotis14nepogoog_0014.png"; bbox 0 0 2400 3922; ppageno 0'>
   <div class='ocr_carea' id='block_1_1' title="bbox 316 787 815 878">
    <p class='ocr_par' dir='ltr' id='par_1_1' title="bbox 316 787 815 878">
     <span class='ocr_line' id='line_1_1' title="bbox 316 787 815 878; baseline 0.01 -6"><span class='ocrx_word' id='word_1_1' title='bbox 316 787 566 874; x_wconf 72' lang='lat' dir='ltr'>CORNELII</span> <span class='ocrx_word' id='word_1_2' title='bbox 597 789 815 878; x_wconf 76' lang='lat' dir='ltr'>NEPOTIS</span> 
     </span>
    </p>
   </div>
   <div class='ocr_carea' id='block_1_2' title="bbox 124 957 1012 1180">
    <p class='ocr_par' dir='ltr' id='par_1_2' title="bbox 124 957 1012 1180">
     <span class='ocr_line' id='line_1_2' title="bbox 124 957 1012 1034; baseline 0.006 -5"><span class='ocrx_word' id='word_1_3' title='bbox 124 957 270 1030; x_wconf 80' lang='lat' dir='ltr'>LIBER</span> <span class='ocrx_word' id='word_1_4' title='bbox 298 957 361 1030; x_wconf 81' lang='lat' dir='ltr'><strong>DE</strong></span> <span class='ocrx_word' id='word_1_5' title='bbox 390 959 784 1034; x_wconf 81' lang='lat' dir='ltr'>EXOELLENTIBUS</span> <span class='ocrx_word' id='word_1_6' title='bbox 812 960 1012 1034; x_wconf 80' lang='lat' dir='ltr'>DUOIBUS</span> 
     </span>
     <span class='ocr_line' id='line_1_3' title="bbox 279 1112 937 1180; baseline 0.006 -3"><span class='ocrx_word' id='word_1_7' title='bbox 279 1112 589 1179; x_wconf 77' lang='lat' dir='ltr'><strong>EXTERARUM</strong></span> <span class='ocrx_word' id='word_1_8' title='bbox 622 1113 859 1180; x_wconf 78' lang='lat' dir='ltr'><strong>GENTIUM.</strong></span> <span class='ocrx_word' id='word_1_9' title='bbox 935 1159 937 1163; x_wconf 24' lang='grc' dir='ltr'><em>ν</em></span> 
     </span>
    </p>
   </div>
   <div class='ocr_carea' id='block_1_3' title="bbox 459 1303 671 1360">
    <p class='ocr_par' dir='ltr' id='par_1_3' title="bbox 459 1303 671 1360">
     <span class='ocr_line' id='line_1_4' title="bbox 459 1303 671 1360; baseline 0.005 -3"><span class='ocrx_word' id='word_1_10' title='bbox 459 1303 671 1360; x_wconf 78' lang='lat' dir='ltr'><strong>PRAEFATIO.</strong></span> 
     </span>
    </p>
   </div>
   <div class='ocr_carea' id='block_1_4' title="bbox 55 1409 1161 1934">
    <p class='ocr_par' dir='ltr' id='par_1_4' title="bbox 55 1409 1161 1934">
     <span class='ocr_line' id='line_1_5' title="bbox 151 1409 1103 1498; baseline 0.003 -23"><span class='ocrx_word' id='word_1_11' title='bbox 151 1410 228 1475; x_wconf 92' lang='lat' dir='ltr'><strong>Non</strong></span> <span class='ocrx_word' id='word_1_12' title='bbox 247 1410 360 1475; x_wconf 88' lang='lat' dir='ltr'><strong>dubito</strong></span> <span class='ocrx_word' id='word_1_13' title='bbox 378 1409 448 1474; x_wconf 84' lang='lat' dir='ltr'><strong>fore</strong></span> <span class='ocrx_word' id='word_1_14' title='bbox 466 1412 647 1494; x_wconf 84' lang='lat' dir='ltr'><strong>plerosque,</strong></span> <span class='ocrx_word' id='word_1_15' title='bbox 665 1410 785 1495; x_wconf 84' lang='lat' dir='ltr'><strong>Attice,</strong></span> <span class='ocrx_word' id='word_1_16' title='bbox 808 1413 863 1494; x_wconf 89' lang='lat' dir='ltr'><strong>qui</strong></span> <span class='ocrx_word' id='word_1_17' title='bbox 886 1414 948 1478; x_wconf 93' lang='lat' dir='ltr'><strong>hoc</strong></span> <span class='ocrx_word' id='word_1_18' title='bbox 967 1433 1069 1498; x_wconf 80' lang='lat' dir='ltr'><strong>genus</strong></span> <span class='ocrx_word' id='word_1_19' title='bbox 1090 1437 1103 1485; x_wconf 92' lang='lat'><strong>1</strong></span> 
     </span>
     <span class='ocr_line' id='line_1_6' title="bbox 55 1499 1069 1583; baseline -0.002 -17"><span class='ocrx_word' id='word_1_20' title='bbox 55 1500 244 1583; x_wconf 77' lang='lat' dir='ltr'>scripturae</span> <span class='ocrx_word' id='word_1_21' title='bbox 267 1499 337 1562; x_wconf 81' lang='lat' dir='ltr'><strong>leve</strong></span> <span class='ocrx_word' id='word_1_22' title='bbox 360 1502 392 1562; x_wconf 90' lang='lat' dir='ltr'><strong>at</strong></span> <span class='ocrx_word' id='word_1_23' title='bbox 414 1519 481 1562; x_wconf 92' lang='lat' dir='ltr'><strong>non</strong></span> <span class='ocrx_word' id='word_1_24' title='bbox 504 1499 584 1562; x_wconf 87' lang='lat' dir='ltr'><strong>satis</strong></span> <span class='ocrx_word' id='word_1_25' title='bbox 608 1499 742 1583; x_wconf 82' lang='lat' dir='ltr'><strong>dignum</strong></span> <span class='ocrx_word' id='word_1_26' title='bbox 766 1520 966 1564; x_wconf 88' lang='lat' dir='ltr'><strong>summorum</strong></span> <span class='ocrx_word' id='word_1_27' title='bbox 986 1502 1069 1565; x_wconf 79' lang='lat' dir='ltr'><strong>viro·</strong></span> 
     </span>
     <span class='ocr_line' id='line_1_7' title="bbox 55 1586 1161 1671; baseline -0.003 -17"><span class='ocrx_word' id='word_1_28' title='bbox 55 1610 135 1654; x_wconf 91' lang='lat' dir='ltr'><strong>rum</strong></span> <span class='ocrx_word' id='word_1_29' title='bbox 158 1586 305 1670; x_wconf 86' lang='lat' dir='ltr'><strong>personis</strong></span> <span class='ocrx_word' id='word_1_30' title='bbox 328 1586 480 1671; x_wconf 85' lang='lat' dir='ltr'><strong>iudicent,</strong></span> <span class='ocrx_word' id='word_1_31' title='bbox 507 1607 580 1650; x_wconf 88' lang='lat' dir='ltr'><strong>cum</strong></span> <span class='ocrx_word' id='word_1_32' title='bbox 602 1586 742 1650; x_wconf 89' lang='lat' dir='ltr'><strong>relatum</strong></span> <span class='ocrx_word' id='word_1_33' title='bbox 765 1586 884 1670; x_wconf 81' lang='lat' dir='ltr'><strong>legent,</strong></span> <span class='ocrx_word' id='word_1_34' title='bbox 907 1587 980 1669; x_wconf 87' lang='lat' dir='ltr'><strong>quis</strong></span> <span class='ocrx_word' id='word_1_35' title='bbox 1003 1609 1070 1651; x_wconf 90' lang='lat' dir='ltr'><strong>mu·</strong></span> <span class='ocrx_word' id='word_1_36' title='bbox 1148 1586 1161 1611; x_wconf 84' lang='lat'>⁸</span> 
     </span>
     <span class='ocr_line' id='line_1_8' title="bbox 58 1673 1069 1758; baseline -0.002 -17"><span class='ocrx_word' id='word_1_37' title='bbox 58 1676 165 1741; x_wconf 86' lang='lat' dir='ltr'><strong>sicam</strong></span> <span class='ocrx_word' id='word_1_38' title='bbox 189 1673 334 1738; x_wconf 80' lang='lat' dir='ltr'>docuerit</span> <span class='ocrx_word' id='word_1_39' title='bbox 355 1673 628 1758; x_wconf 79' lang='lat' dir='ltr'><strong>Epaminondam,</strong></span> <span class='ocrx_word' id='word_1_40' title='bbox 659 1677 716 1738; x_wconf 88' lang='lat' dir='ltr'><strong>aut</strong></span> <span class='ocrx_word' id='word_1_41' title='bbox 743 1674 778 1738; x_wconf 92' lang='lat' dir='ltr'><strong>in</strong></span> <span class='ocrx_word' id='word_1_42' title='bbox 801 1673 869 1738; x_wconf 88' lang='lat' dir='ltr'><strong>aius</strong></span> <span class='ocrx_word' id='word_1_43' title='bbox 892 1673 1069 1739; x_wconf 79' lang='lat' dir='ltr'><strong>virtutibus</strong></span> 
     </span>
     <span class='ocr_line' id='line_1_9' title="bbox 59 1762 1070 1846; baseline -0.003 -16"><span class='ocrx_word' id='word_1_44' title='bbox 59 1762 318 1844; x_wconf 87' lang='lat' dir='ltr'><strong>commemorari,</strong></span> <span class='ocrx_word' id='word_1_45' title='bbox 338 1762 475 1826; x_wconf 75' lang='lat' dir='ltr'><strong>saltasse</strong></span> <span class='ocrx_word' id='word_1_46' title='bbox 490 1783 564 1826; x_wconf 90' lang='lat' dir='ltr'><strong>eum</strong></span> <span class='ocrx_word' id='word_1_47' title='bbox 578 1763 745 1827; x_wconf 91' lang='lat' dir='ltr'><strong>commode</strong></span> <span class='ocrx_word' id='word_1_48' title='bbox 759 1762 962 1846; x_wconf 77' lang='lat' dir='ltr'><strong>scienterque</strong></span> <span class='ocrx_word' id='word_1_49' title='bbox 979 1762 1070 1827; x_wconf 91' lang='lat' dir='ltr'><strong>tibiis</strong></span> 
     </span>
     <span class='ocr_line' id='line_1_10' title="bbox 60 1849 1105 1934; baseline 0.002 -17"><span class='ocrx_word' id='word_1_50' title='bbox 60 1855 222 1917; x_wconf 86' lang='lat' dir='ltr'><strong>cantasse.</strong></span> <span class='ocrx_word' id='word_1_51' title='bbox 264 1850 320 1914; x_wconf 89' lang='lat' dir='ltr'><strong>sed</strong></span> <span class='ocrx_word' id='word_1_52' title='bbox 347 1849 382 1912; x_wconf 91' lang='lat' dir='ltr'><strong>hi</strong></span> <span class='ocrx_word' id='word_1_53' title='bbox 409 1853 505 1913; x_wconf 88' lang='lat' dir='ltr'><strong>erunt</strong></span> <span class='ocrx_word' id='word_1_54' title='bbox 527 1849 607 1934; x_wconf 86' lang='lat' dir='ltr'><strong>fere,</strong></span> <span class='ocrx_word' id='word_1_55' title='bbox 637 1851 693 1932; x_wconf 90' lang='lat' dir='ltr'><strong>qui</strong></span> <span class='ocrx_word' id='word_1_56' title='bbox 716 1854 863 1934; x_wconf 80' lang='lat' dir='ltr'><strong>expertes</strong></span> <span class='ocrx_word' id='word_1_57' title='bbox 886 1851 1105 1921; x_wconf 74' lang='lat' dir='ltr'><strong>litteraruma</strong></span> 
     </span>
    </p>
   </div>
   <div class='ocr_carea' id='block_1_5' title="bbox 61 1937 1070 2021">
    <p class='ocr_par' dir='ltr' id='par_1_5' title="bbox 61 1937 1070 2021">
     <span class='ocr_line' id='line_1_11' title="bbox 61 1937 1070 2021; baseline 0 -17"><span class='ocrx_word' id='word_1_58' title='bbox 61 1938 261 2004; x_wconf 83' lang='lat' dir='ltr'><strong>Graecarum</strong></span> <span class='ocrx_word' id='word_1_59' title='bbox 283 1937 366 2001; x_wconf 88' lang='lat' dir='ltr'>nihil</span> <span class='ocrx_word' id='word_1_60' title='bbox 388 1940 527 2020; x_wconf 87' lang='lat' dir='ltr'><strong>rectum,</strong></span> <span class='ocrx_word' id='word_1_61' title='bbox 554 1937 619 2001; x_wconf 90' lang='lat' dir='ltr'><strong>nisi</strong></span> <span class='ocrx_word' id='word_1_62' title='bbox 647 1939 733 2020; x_wconf 91' lang='lat' dir='ltr'><strong>quod</strong></span> <span class='ocrx_word' id='word_1_63' title='bbox 754 1940 901 2021; x_wconf 89' lang='lat' dir='ltr'><strong>ipsorum</strong></span> <span class='ocrx_word' id='word_1_64' title='bbox 924 1939 1070 2004; x_wconf 89' lang='lat' dir='ltr'><strong>moribus</strong></span> 
     </span>
    </p>
   </div>
   <div class='ocr_carea' id='block_1_6' title="bbox 60 2024 1175 3582">
    <p class='ocr_par' dir='ltr' id='par_1_6' title="bbox 60 2024 1175 3582">
     <span class='ocr_line' id='line_1_12' title="bbox 61 2024 1105 2109; baseline 0.003 -18"><span class='ocrx_word' id='word_1_65' title='bbox 61 2027 244 2109; x_wconf 80' lang='lat' dir='ltr'><strong>conveniat,</strong></span> <span class='ocrx_word' id='word_1_66' title='bbox 266 2024 438 2108; x_wconf 77' lang='lat' dir='ltr'><strong>putabunt,</strong></span> <span class='ocrx_word' id='word_1_67' title='bbox 470 2025 495 2088; x_wconf 92' lang='lat' dir='ltr'><strong>ii</strong></span> <span class='ocrx_word' id='word_1_68' title='bbox 514 2024 542 2088; x_wconf 89' lang='lat' dir='ltr'><strong>si</strong></span> <span class='ocrx_word' id='word_1_69' title='bbox 563 2025 733 2090; x_wconf 80' lang='lat' dir='ltr'><strong>didicerint</strong></span> <span class='ocrx_word' id='word_1_70' title='bbox 751 2047 817 2090; x_wconf 92' lang='lat' dir='ltr'><strong>non</strong></span> <span class='ocrx_word' id='word_1_71' title='bbox 835 2027 947 2091; x_wconf 89' lang='lat' dir='ltr'><strong>eadem</strong></span> <span class='ocrx_word' id='word_1_72' title='bbox 971 2027 1105 2096; x_wconf 84' lang='lat' dir='ltr'><strong>omni-s</strong></span> 
     </span>
     <span class='ocr_line' id='line_1_13' title="bbox 60 2113 1070 2198; baseline -0.001 -19"><span class='ocrx_word' id='word_1_73' title='bbox 60 2117 124 2179; x_wconf 88' lang='lat' dir='ltr'><strong>bus</strong></span> <span class='ocrx_word' id='word_1_74' title='bbox 152 2135 222 2177; x_wconf 86' lang='lat' dir='ltr'><strong>esse</strong></span> <span class='ocrx_word' id='word_1_75' title='bbox 249 2113 387 2176; x_wconf 87' lang='lat' dir='ltr'><strong>honeste</strong></span> <span class='ocrx_word' id='word_1_76' title='bbox 414 2115 511 2194; x_wconf 85' lang='lat' dir='ltr'><strong>atqua</strong></span> <span class='ocrx_word' id='word_1_77' title='bbox 539 2113 661 2198; x_wconf 83' lang='lat' dir='ltr'><strong>turpia,</strong></span> <span class='ocrx_word' id='word_1_78' title='bbox 691 2114 747 2178; x_wconf 92' lang='lat' dir='ltr'><strong>sed</strong></span> <span class='ocrx_word' id='word_1_79' title='bbox 775 2115 883 2178; x_wconf 89' lang='lat' dir='ltr'><strong>omnia</strong></span> <span class='ocrx_word' id='word_1_80' title='bbox 910 2115 1070 2178; x_wconf 86' lang='lat' dir='ltr'><strong>maiorum</strong></span> 
     </span>
     <span class='ocr_line' id='line_1_14' title="bbox 60 2199 1070 2284; baseline -0.001 -18"><span class='ocrx_word' id='word_1_81' title='bbox 60 2202 225 2266; x_wconf 86' lang='lat' dir='ltr'><strong>institutis</strong></span> <span class='ocrx_word' id='word_1_82' title='bbox 248 2200 393 2284; x_wconf 86' lang='lat' dir='ltr'><strong>iudicari,</strong></span> <span class='ocrx_word' id='word_1_83' title='bbox 414 2221 481 2264; x_wconf 92' lang='lat' dir='ltr'><strong>non</strong></span> <span class='ocrx_word' id='word_1_84' title='bbox 499 2200 745 2265; x_wconf 89' lang='lat' dir='ltr'><strong>admirabuntur</strong></span> <span class='ocrx_word' id='word_1_85' title='bbox 762 2223 822 2266; x_wconf 88' lang='lat' dir='ltr'><strong>nos</strong></span> <span class='ocrx_word' id='word_1_86' title='bbox 843 2202 878 2266; x_wconf 92' lang='lat' dir='ltr'><strong>in</strong></span> <span class='ocrx_word' id='word_1_87' title='bbox 896 2199 1070 2267; x_wconf 78' lang='lat' dir='ltr'><strong>Graiorum</strong></span> 
     </span>
     <span class='ocr_line' id='line_1_15' title="bbox 61 2287 1106 2371; baseline 0.004 -17"><span class='ocrx_word' id='word_1_88' title='bbox 61 2289 241 2354; x_wconf 84' lang='lat' dir='ltr'><strong>virtutibus</strong></span> <span class='ocrx_word' id='word_1_89' title='bbox 271 2287 467 2371; x_wconf 85' lang='lat' dir='ltr'><strong>exponendis</strong></span> <span class='ocrx_word' id='word_1_90' title='bbox 500 2308 606 2351; x_wconf 89' lang='lat' dir='ltr'><strong>mores</strong></span> <span class='ocrx_word' id='word_1_91' title='bbox 639 2308 750 2352; x_wconf 89' lang='lat' dir='ltr'><strong>eorum</strong></span> <span class='ocrx_word' id='word_1_92' title='bbox 783 2292 920 2353; x_wconf 87' lang='lat' dir='ltr'><strong>secutos.</strong></span> <span class='ocrx_word' id='word_1_93' title='bbox 965 2307 1106 2371; x_wconf 71' lang='lat' dir='ltr'><strong>nequet</strong></span> 
     </span>
     <span class='ocr_line' id='line_1_16' title="bbox 62 2374 1071 2460; baseline -0.003 -18"><span class='ocrx_word' id='word_1_94' title='bbox 62 2377 150 2442; x_wconf 88' lang='lat' dir='ltr'><strong>enim</strong></span> <span class='ocrx_word' id='word_1_95' title='bbox 178 2375 307 2442; x_wconf 79' lang='lat' dir='ltr'><strong>Cimoni</strong></span> <span class='ocrx_word' id='word_1_96' title='bbox 333 2374 397 2439; x_wconf 89' lang='lat' dir='ltr'><strong>fuit</strong></span> <span class='ocrx_word' id='word_1_97' title='bbox 424 2379 532 2458; x_wconf 86' lang='lat' dir='ltr'><strong>turpe,</strong></span> <span class='ocrx_word' id='word_1_98' title='bbox 558 2375 808 2439; x_wconf 85' lang='lat' dir='ltr'><strong>Atheniensium</strong></span> <span class='ocrx_word' id='word_1_99' title='bbox 836 2396 962 2439; x_wconf 90' lang='lat' dir='ltr'><strong>summo</strong></span> <span class='ocrx_word' id='word_1_100' title='bbox 990 2376 1071 2460; x_wconf 79' lang='lat' dir='ltr'><strong>viro,</strong></span> 
     </span>
     <span class='ocr_line' id='line_1_17' title="bbox 62 2462 1070 2549; baseline -0.002 -21"><span class='ocrx_word' id='word_1_101' title='bbox 62 2485 211 2529; x_wconf 90' lang='lat' dir='ltr'><strong>sororem</strong></span> <span class='ocrx_word' id='word_1_102' title='bbox 229 2484 417 2549; x_wconf 82' lang='lat' dir='ltr'><strong>germanam</strong></span> <span class='ocrx_word' id='word_1_103' title='bbox 435 2463 553 2527; x_wconf 87' lang='lat' dir='ltr'><strong>habere</strong></span> <span class='ocrx_word' id='word_1_104' title='bbox 572 2464 607 2527; x_wconf 92' lang='lat' dir='ltr'><strong>in</strong></span> <span class='ocrx_word' id='word_1_105' title='bbox 624 2462 842 2545; x_wconf 87' lang='lat' dir='ltr'><strong>matrimonio,</strong></span> <span class='ocrx_word' id='word_1_106' title='bbox 861 2462 980 2546; x_wconf 86' lang='lat' dir='ltr'><strong>quippe</strong></span> <span class='ocrx_word' id='word_1_107' title='bbox 997 2483 1070 2527; x_wconf 89' lang='lat' dir='ltr'><strong>eum</strong></span> 
     </span>
     <span class='ocr_line' id='line_1_18' title="bbox 62 2549 1070 2632; baseline -0.002 -15"><span class='ocrx_word' id='word_1_108' title='bbox 62 2553 149 2617; x_wconf 86' lang='lat' dir='ltr'><strong>cives</strong></span> <span class='ocrx_word' id='word_1_109' title='bbox 177 2552 246 2616; x_wconf 90' lang='lat' dir='ltr'><strong>eius</strong></span> <span class='ocrx_word' id='word_1_110' title='bbox 274 2552 387 2615; x_wconf 92' lang='lat' dir='ltr'><strong>eodem</strong></span> <span class='ocrx_word' id='word_1_111' title='bbox 413 2554 583 2615; x_wconf 89' lang='lat' dir='ltr'><strong>uterentur</strong></span> <span class='ocrx_word' id='word_1_112' title='bbox 610 2551 773 2615; x_wconf 87' lang='lat' dir='ltr'><strong>instituto.</strong></span> <span class='ocrx_word' id='word_1_113' title='bbox 814 2554 850 2615; x_wconf 88' lang='lat' dir='ltr'><strong>at</strong></span> <span class='ocrx_word' id='word_1_114' title='bbox 878 2549 912 2614; x_wconf 92' lang='lat' dir='ltr'><strong>id</strong></span> <span class='ocrx_word' id='word_1_115' title='bbox 940 2550 1070 2632; x_wconf 89' lang='lat' dir='ltr'><strong>quidem</strong></span> 
     </span>
     <span class='ocr_line' id='line_1_19' title="bbox 61 2636 1071 2704; baseline -0.002 0"><span class='ocrx_word' id='word_1_116' title='bbox 61 2640 186 2704; x_wconf 88' lang='lat' dir='ltr'><strong>nostris</strong></span> <span class='ocrx_word' id='word_1_117' title='bbox 209 2640 354 2704; x_wconf 88' lang='lat' dir='ltr'><strong>moribus</strong></span> <span class='ocrx_word' id='word_1_118' title='bbox 377 2638 468 2704; x_wconf 89' lang='lat' dir='ltr'><strong>nefas</strong></span> <span class='ocrx_word' id='word_1_119' title='bbox 486 2638 633 2703; x_wconf 90' lang='lat' dir='ltr'><strong>habetur.</strong></span> <span class='ocrx_word' id='word_1_120' title='bbox 666 2638 754 2703; x_wconf 87' lang='lat' dir='ltr'><strong>laudi</strong></span> <span class='ocrx_word' id='word_1_121' title='bbox 771 2639 806 2702; x_wconf 91' lang='lat' dir='ltr'><strong>in</strong></span> <span class='ocrx_word' id='word_1_122' title='bbox 825 2636 923 2703; x_wconf 81' lang='lat' dir='ltr'><strong>Orata</strong></span> <span class='ocrx_word' id='word_1_123' title='bbox 941 2638 1071 2704; x_wconf 79' lang='lat' dir='ltr'><strong>ducitur</strong></span> 
     </span>
     <span class='ocr_line' id='line_1_20' title="bbox 61 2726 1071 2809; baseline -0.002 -18"><span class='ocrx_word' id='word_1_124' title='bbox 61 2728 313 2792; x_wconf 85' lang='lat' dir='ltr'><strong>adulescentulis</strong></span> <span class='ocrx_word' id='word_1_125' title='bbox 328 2748 426 2809; x_wconf 90' lang='lat' dir='ltr'><strong>quam</strong></span> <span class='ocrx_word' id='word_1_126' title='bbox 442 2726 600 2809; x_wconf 87' lang='lat' dir='ltr'><strong>plurimos</strong></span> <span class='ocrx_word' id='word_1_127' title='bbox 619 2726 772 2792; x_wconf 85' lang='lat' dir='ltr'><strong>habuisse</strong></span> <span class='ocrx_word' id='word_1_128' title='bbox 787 2730 957 2792; x_wconf 87' lang='lat' dir='ltr'><strong>amatores.</strong></span> <span class='ocrx_word' id='word_1_129' title='bbox 981 2727 1071 2792; x_wconf 88' lang='lat' dir='ltr'><strong>nulla</strong></span> 
     </span>
     <span class='ocr_line' id='line_1_21' title="bbox 61 2814 1071 2898; baseline -0.001 -19"><span class='ocrx_word' id='word_1_130' title='bbox 61 2814 297 2880; x_wconf 82' lang='lat' dir='ltr'><strong>Lacedaemoni</strong></span> <span class='ocrx_word' id='word_1_131' title='bbox 313 2815 410 2878; x_wconf 79' lang='lat' dir='ltr'><strong>vidua</strong></span> <span class='ocrx_word' id='word_1_132' title='bbox 429 2818 497 2877; x_wconf 89' lang='lat' dir='ltr'><strong>tam</strong></span> <span class='ocrx_word' id='word_1_133' title='bbox 511 2817 562 2877; x_wconf 90' lang='lat' dir='ltr'><strong>est</strong></span> <span class='ocrx_word' id='word_1_134' title='bbox 580 2814 709 2898; x_wconf 86' lang='lat' dir='ltr'><strong>nobilis,</strong></span> <span class='ocrx_word' id='word_1_135' title='bbox 728 2835 809 2896; x_wconf 89' lang='lat' dir='ltr'><strong>quae</strong></span> <span class='ocrx_word' id='word_1_136' title='bbox 823 2836 889 2879; x_wconf 92' lang='lat' dir='ltr'><strong>non</strong></span> <span class='ocrx_word' id='word_1_137' title='bbox 903 2814 943 2879; x_wconf 87' lang='lat' dir='ltr'><strong>ad</strong></span> <span class='ocrx_word' id='word_1_138' title='bbox 958 2836 1071 2880; x_wconf 90' lang='lat' dir='ltr'><strong>cenam</strong></span> 
     </span>
     <span class='ocr_line' id='line_1_22' title="bbox 62 2901 1105 2986; baseline 0.003 -19"><span class='ocrx_word' id='word_1_139' title='bbox 62 2907 116 2967; x_wconf 91' lang='lat' dir='ltr'><strong>eat</strong></span> <span class='ocrx_word' id='word_1_140' title='bbox 137 2903 309 2983; x_wconf 86' lang='lat' dir='ltr'><strong>[mercede]</strong></span> <span class='ocrx_word' id='word_1_141' title='bbox 325 2901 515 2967; x_wconf 90' lang='lat' dir='ltr'><strong>condictam.</strong></span> <span class='ocrx_word' id='word_1_142' title='bbox 547 2901 673 2986; x_wconf 81' lang='lat' dir='ltr'><strong>magnis</strong></span> <span class='ocrx_word' id='word_1_143' title='bbox 692 2902 728 2965; x_wconf 92' lang='lat' dir='ltr'><strong>in</strong></span> <span class='ocrx_word' id='word_1_144' title='bbox 745 2902 894 2967; x_wconf 90' lang='lat' dir='ltr'><strong>laudibus</strong></span> <span class='ocrx_word' id='word_1_145' title='bbox 905 2906 985 2978; x_wconf 57' lang='lat' dir='ltr'><strong>,tota</strong></span> <span class='ocrx_word' id='word_1_146' title='bbox 1003 2902 1070 2966; x_wconf 89' lang='lat' dir='ltr'><strong>fere</strong></span> <span class='ocrx_word' id='word_1_147' title='bbox 1089 2920 1105 2970; x_wconf 77' lang='lat'><strong>5</strong></span> 
     </span>
     <span class='ocr_line' id='line_1_23' title="bbox 60 2989 1070 3074; baseline -0.001 -21"><span class='ocrx_word' id='word_1_148' title='bbox 60 2990 126 3054; x_wconf 86' lang='lat' dir='ltr'><strong>fuit</strong></span> <span class='ocrx_word' id='word_1_149' title='bbox 141 2989 278 3055; x_wconf 82' lang='lat' dir='ltr'><strong>Graecia</strong></span> <span class='ocrx_word' id='word_1_150' title='bbox 296 2990 452 3054; x_wconf 84' lang='lat' dir='ltr'><strong>victorem</strong></span> <span class='ocrx_word' id='word_1_151' title='bbox 468 2989 637 3072; x_wconf 83' lang='lat' dir='ltr'><strong>Olympiae</strong></span> <span class='ocrx_word' id='word_1_152' title='bbox 656 2989 759 3074; x_wconf 84' lang='lat' dir='ltr'><strong>citari,</strong></span> <span class='ocrx_word' id='word_1_153' title='bbox 777 2990 812 3054; x_wconf 90' lang='lat' dir='ltr'><strong>in</strong></span> <span class='ocrx_word' id='word_1_154' title='bbox 831 3012 980 3055; x_wconf 89' lang='lat' dir='ltr'><strong>scaenam</strong></span> <span class='ocrx_word' id='word_1_155' title='bbox 994 3011 1070 3055; x_wconf 86' lang='lat' dir='ltr'><strong>vcro</strong></span> 
     </span>
     <span class='ocr_line' id='line_1_24' title="bbox 61 3077 1070 3161; baseline -0.001 -21"><span class='ocrx_word' id='word_1_156' title='bbox 61 3078 192 3161; x_wconf 89' lang='lat' dir='ltr'><strong>prodire</strong></span> <span class='ocrx_word' id='word_1_157' title='bbox 220 3100 257 3142; x_wconf 89' lang='lat' dir='ltr'><strong>ac</strong></span> <span class='ocrx_word' id='word_1_158' title='bbox 284 3077 404 3161; x_wconf 89' lang='lat' dir='ltr'><strong>populo</strong></span> <span class='ocrx_word' id='word_1_159' title='bbox 433 3098 502 3141; x_wconf 88' lang='lat' dir='ltr'><strong>esse</strong></span> <span class='ocrx_word' id='word_1_160' title='bbox 531 3079 716 3159; x_wconf 91' lang='lat' dir='ltr'><strong>spectaculo</strong></span> <span class='ocrx_word' id='word_1_161' title='bbox 743 3078 865 3142; x_wconf 89' lang='lat' dir='ltr'><strong>nemini</strong></span> <span class='ocrx_word' id='word_1_162' title='bbox 892 3078 928 3142; x_wconf 92' lang='lat' dir='ltr'><strong>in</strong></span> <span class='ocrx_word' id='word_1_163' title='bbox 950 3077 1070 3142; x_wconf 86' lang='lat' dir='ltr'><strong>eisdem</strong></span> 
     </span>
     <span class='ocr_line' id='line_1_25' title="bbox 61 3163 1175 3250; baseline -0.003 -21"><span class='ocrx_word' id='word_1_164' title='bbox 61 3166 215 3250; x_wconf 80' lang='lat' dir='ltr'><strong>gentibus</strong></span> <span class='ocrx_word' id='word_1_165' title='bbox 234 3165 298 3229; x_wconf 80' lang='lat' dir='ltr'><strong>fuit</strong></span> <span class='ocrx_word' id='word_1_166' title='bbox 316 3164 520 3248; x_wconf 88' lang='lat' dir='ltr'><strong>turpitudini.</strong></span> <span class='ocrx_word' id='word_1_167' title='bbox 553 3185 634 3246; x_wconf 87' lang='lat' dir='ltr'><strong>quaa</strong></span> <span class='ocrx_word' id='word_1_168' title='bbox 649 3165 857 3249; x_wconf 87' lang='lat' dir='ltr'><strong>omniaapud</strong></span> <span class='ocrx_word' id='word_1_169' title='bbox 875 3186 935 3228; x_wconf 92' lang='lat' dir='ltr'><strong>nos</strong></span> <span class='ocrx_word' id='word_1_170' title='bbox 949 3163 1071 3246; x_wconf 90' lang='lat' dir='ltr'><strong>partim</strong></span> <span class='ocrx_word' id='word_1_171' title='bbox 1173 3233 1175 3237; x_wconf 9' lang='grc' dir='ltr'><em>Α</em></span> 
     </span>
     <span class='ocr_line' id='line_1_26' title="bbox 61 3252 1071 3336; baseline -0.002 -20"><span class='ocrx_word' id='word_1_172' title='bbox 61 3252 210 3336; x_wconf 88' lang='lat' dir='ltr'><strong>infamia,</strong></span> <span class='ocrx_word' id='word_1_173' title='bbox 237 3253 359 3336; x_wconf 86' lang='lat' dir='ltr'><strong>partim</strong></span> <span class='ocrx_word' id='word_1_174' title='bbox 386 3252 523 3317; x_wconf 89' lang='lat' dir='ltr'><strong>humilia</strong></span> <span class='ocrx_word' id='word_1_175' title='bbox 551 3256 649 3334; x_wconf 90' lang='lat' dir='ltr'><strong>atque</strong></span> <span class='ocrx_word' id='word_1_176' title='bbox 677 3253 718 3316; x_wconf 90' lang='lat' dir='ltr'><strong>ab</strong></span> <span class='ocrx_word' id='word_1_177' title='bbox 745 3253 916 3317; x_wconf 88' lang='lat' dir='ltr'><strong>honestate</strong></span> <span class='ocrx_word' id='word_1_178' title='bbox 944 3253 1071 3314; x_wconf 87' lang='lat' dir='ltr'><strong>remota</strong></span> 
     </span>
     <span class='ocr_line' id='line_1_27' title="bbox 61 3337 1103 3423; baseline -0.001 -18"><span class='ocrx_word' id='word_1_179' title='bbox 61 3344 236 3423; x_wconf 90' lang='lat' dir='ltr'><strong>ponuntur.</strong></span> <span class='ocrx_word' id='word_1_180' title='bbox 279 3344 393 3406; x_wconf 88' lang='lat' dir='ltr'><strong>contra</strong></span> <span class='ocrx_word' id='word_1_181' title='bbox 420 3362 459 3406; x_wconf 87' lang='lat' dir='ltr'><strong>ea</strong></span> <span class='ocrx_word' id='word_1_182' title='bbox 485 3341 638 3423; x_wconf 88' lang='lat' dir='ltr'><strong>pleraque</strong></span> <span class='ocrx_word' id='word_1_183' title='bbox 665 3340 787 3404; x_wconf 74' lang='lat' dir='ltr'><strong>nostrin</strong></span> <span class='ocrx_word' id='word_1_184' title='bbox 815 3337 960 3403; x_wconf 88' lang='lat' dir='ltr'><strong>moribus</strong></span> <span class='ocrx_word' id='word_1_185' title='bbox 993 3341 1103 3404; x_wconf 80' lang='lat' dir='ltr'><strong>sunta</strong></span> 
     </span>
     <span class='ocr_line' id='line_1_28' title="bbox 61 3424 1097 3514; baseline -0.013 -22"><span class='ocrx_word' id='word_1_186' title='bbox 61 3428 191 3512; x_wconf 81' lang='lat' dir='ltr'><strong>deeora,</strong></span> <span class='ocrx_word' id='word_1_187' title='bbox 220 3450 300 3511; x_wconf 91' lang='lat' dir='ltr'><strong>quae</strong></span> <span class='ocrx_word' id='word_1_188' title='bbox 324 3429 408 3512; x_wconf 90' lang='lat' dir='ltr'><strong>apud</strong></span> <span class='ocrx_word' id='word_1_189' title='bbox 431 3428 506 3493; x_wconf 91' lang='lat' dir='ltr'><strong>illos</strong></span> <span class='ocrx_word' id='word_1_190' title='bbox 531 3427 643 3514; x_wconf 86' lang='lat' dir='ltr'><strong>turpia</strong></span> <span class='ocrx_word' id='word_1_191' title='bbox 662 3430 837 3514; x_wconf 79' lang='lat' dir='ltr'><strong>putantur.</strong></span> <span class='ocrx_word' id='word_1_192' title='bbox 873 3445 980 3506; x_wconf 77' lang='lat' dir='ltr'><strong>quem</strong></span> <span class='ocrx_word' id='word_1_193' title='bbox 999 3424 1097 3482; x_wconf 65' lang='lat' dir='ltr'><strong>emm</strong></span> 
     </span>
     <span class='ocr_line' id='line_1_29' title="bbox 111 3528 952 3582; baseline 0.004 -3"><span class='ocrx_word' id='word_1_194' title='bbox 111 3539 248 3579; x_wconf 68' lang='lat' dir='ltr'><strong>voramus</strong></span> <span class='ocrx_word' id='word_1_195' title='bbox 261 3541 350 3582; x_wconf 67' lang='lat' dir='ltr'><strong>Nanos.</strong></span> <span class='ocrx_word' id='word_1_196' title='bbox 928 3528 952 3573; x_wconf 49' lang='grc' dir='ltr'>Χ</span> 
     </span>
    </p>
   </div>
   <div class='ocr_carea' id='block_1_7' title="bbox 0 0 1210 3922">
    <p class='ocr_par' dir='ltr' id='par_1_7' title="bbox 0 0 1210 3922">
     <span class='ocr_line' id='line_1_30' title="bbox 0 0 1210 3922; baseline 0 0"><span class='ocrx_word' id='word_1_197' title='bbox 0 0 1210 3922; x_wconf 95' lang='lat' dir='ltr'><strong> </strong></span> 
     </span>
    </p>
   </div>
  </div>
 </body>
</html>
