2400 3922
372 208 406 262 11.
430 207 711 264 THEMIsroans.
739 216 817 264 2-4.
902 225 906 231 ·
1063 211 1083 274 9

73 375 94 418 a
112 352 172 417 deo
193 351 371 438 significari
390 373 519 416 murum
536 352 689 438 ligneum.
718 353 778 415 tali
795 353 929 419 consilio
944 355 1083 438 probato
1102 370 1118 420 s

73 439 199 505 addunt
226 439 267 503 ad
295 439 477 522 superiores
505 439 643 503 totidem
667 460 765 504 naves
789 441 938 506 triremes
962 463 1083 525 suaque

73 528 194 612 omnia,
213 548 296 610 quae
313 527 436 591 moveri
454 531 616 611 poterant,
634 527 755 610 partim
771 526 943 613 Salamina,
961 531 1084 613 partim

72 616 239 680 'l‘roezena
252 615 440 697 deportant:
460 635 566 680 arcem
583 615 806 680 sacerdotibus
824 616 1000 699 paucisque
1019 639 1084 681 ma·

73 703 200 768 ioribus
227 706 309 768 natu
331 701 372 765 ad
400 723 492 767 saera
518 703 720 785 procuranda
747 704 894 787 tradunt,
922 704 1083 787 reliquum

74 790 232 875 oppidum
254 790 451 872 relinquunt.

163 877 270 942 Huius
294 878 466 942 consilium
488 877 651 961 plerisque
676 878 865 944 civitatibus
889 879 1123 962 displicebat3

74 971 108 1031 et
126 967 161 1029 in
180 970 268 1030 terra
286 965 433 1031 dimicari
452 966 557 1050 magis
576 967 734 1048 placebat.
766 967 877 1050 itaque
896 967 989 1031 missi
1008 972 1085 1032 sunt

74 1053 192 1118 delecti
212 1074 285 1118 cum
298 1051 451 1136 Leonida,
469 1050 798 1119 Lacedaemoniorum
813 1076 897 1140 rege,
917 1055 972 1138 qui
986 1055 1084 1119 Ther-

74 1141 225 1224 mopylas
245 1145 440 1224 occuparent
458 1140 652 1225 longiusque
671 1142 828 1207 barbaros
846 1142 999 1228 progredi
1017 1154 1084 1208 non

73 1232 274 1313 paterentur.
318 1227 344 1292 ii
366 1228 433 1293 vim
459 1228 606 1294 hostium
631 1251 698 1294 non
728 1230 953 1295 sustinuerunt
981 1252 1083 1314 eoque

73 1318 147 1382 loco
168 1337 279 1381 omnes
302 1316 505 1381 interierunt.
540 1320 575 1381 at
593 1317 707 1382 classis
726 1319 908 1383 communis
928 1317 1118 1383 Graeciaea

74 1409 295 1469 trecentarum
317 1404 457 1487 navium,
479 1405 515 1468 in
538 1425 602 1487 qua
620 1405 776 1469 ducentae
796 1410 889 1470 erant
907 1405 1083 1471 Athenien-

75 1493 176 1575 sium,
198 1492 341 1576 primum
363 1491 448 1575 apud
470 1491 688 1556 Artemisium
710 1494 796 1556 inter
818 1493 987 1557 Euboeam
1011 1516 1083 1559 con·

74 1580 298 1663 tinentemque
330 1584 452 1643 terram
484 1600 558 1644 cum
591 1579 766 1643 classiariis
799 1581 898 1666 regiis
929 1580 1082 1644 conflixit.

75 1667 244 1752 angustias
272 1667 360 1732 enim
386 1667 622 1732 Themistocles
651 1667 841 1750 quaerebat,
868 1687 909 1729 ne
936 1667 1083 1731 multitu·

74 1756 149 1820 dine
168 1755 401 1820 circumiretur.
438 1755 514 1819 hine
534 1755 597 1819 etsi
615 1755 687 1839 pari
709 1754 833 1839 proelio
858 1753 1119 1837 discesseranta

74 1848 186 1907 tamen
208 1842 321 1908 eodem
343 1843 415 1907 loeo
438 1864 505 1907 non
528 1847 604 1907 sunt
627 1843 698 1908 ausi
725 1865 868 1926 manere,
899 1841 984 1925 quod
1013 1846 1084 1905 erat

73 1930 265 2015 periculum,
282 1952 332 2014 ne,
351 1930 473 2013 sipara
492 1931 624 1995 narium
643 1931 901 1996 adversariorum
914 1929 1083 1995 Euboeam

74 2022 270 2102 superasset,
292 2018 428 2102 ancipiti
446 2022 669 2101 premerentur
687 2019 839 2103 periculo.
876 2040 940 2102 quo
959 2017 1083 2082 factum
1101 2033 1119 2082 4

75 2109 178 2171 estut
193 2107 233 2170 ab
247 2105 426 2170 Artemisio
446 2106 647 2171 discederent
664 2110 697 2170 et
711 2107 921 2171 exadversum
935 2105 1083 2170 Athenas

74 2193 161 2278 apud
186 2192 351 2258 Salamina
374 2194 512 2258 classem
535 2216 627 2259 suam
650 2195 895 2259 constituerent.

163 2281 210 2346 At
232 2280 356 2346 Xerxes
379 2281 606 2365 Thermopylis
634 2282 827 2366 expugnatis
855 2282 1005 2365 protinus
1035 2281 1125 2345 ac-4

75 2369 175 2435 cessit
194 2373 268 2433 astu
285 2369 383 2453 idque
401 2370 500 2433 nullis
520 2368 765 2445 defendentibus
783 2368 965 2432 interfectis
981 2388 1083 2432 sacer-

74 2457 217 2540 dotibus,
237 2477 317 2540 quos
336 2457 371 2520 in
390 2478 462 2521 arce
476 2456 651 2539 invenerat,
669 2455 816 2519 incendio
832 2455 959 2518 delevit.
992 2454 1083 2518 euius
1102 2471 1119 2520 s

74 2545 207 2608 flamma
228 2544 395 2628 perterriti
418 2544 576 2608 classiarii
600 2565 674 2608 cum
697 2562 826 2606 manere
844 2563 911 2606 non
929 2541 1085 2606 auderent

75 2636 109 2697 et
141 2631 274 2715 plurimi
305 2632 529 2715 hortarentur,
561 2635 599 2696 ut
630 2631 743 2695 domos
776 2651 850 2694 suas
883 2628 1085 2693 discederent

75 2720 311 2802 moenibusque
326 2741 360 2784 se
379 2718 594 2802 defenderent,
612 2718 848 2783 Themistocles
862 2738 945 2782 unus
960 2716 1084 2781 restitit

74 2811 109 2872 et
131 2808 301 2872 universos
324 2828 419 2891 pares
443 2828 513 2871 esse
535 2829 631 2890 posse
656 2807 776 2889 aiebat,
799 2806 962 2890 dispersos
986 2808 1084 2870 testa-

74 2895 174 2960 batur
196 2896 369 2979 perituros,
391 2894 488 2977 idque
510 2893 701 2978 Eurybiadi,
723 2893 794 2978 regi
816 2891 1084 2959 Lacedaemonio·

74 3004 158 3067 runi,
175 2983 232 3066 qui
245 2987 318 3048 turn
333 3003 478 3047 summae
492 2981 621 3066 imperii
634 2985 792 3066 praeerat,
805 2980 875 3046 fore
890 2981 1084 3046 affirmabat.

75 3092 173 3154 quem
197 3092 270 3136 cum
294 3072 400 3135 minus
425 3091 523 3153 quam
545 3069 644 3135 vellet
667 3073 822 3153 moveret,
844 3074 945 3135 noctu
963 3069 1002 3133 de
1021 3085 1119 3133 ser-s

73 3159 124 3223 ris
148 3159 217 3223 suis
241 3179 338 3242 quem
360 3157 476 3222 habuit
498 3157 723 3221 fidelissimum
741 3157 782 3221 ad
800 3178 911 3243 regem
929 3156 1028 3237 misit,
1047 3158 1085 3217 ut

74 3247 106 3311 ei
127 3246 296 3312 nuntiaret
319 3247 387 3310 suis
405 3245 522 3328 verbis,
546 3245 746 3309 adversarios
765 3245 834 3309 eius
852 3245 887 3308 in
905 3243 983 3326 fuga
1001 3261 1084 3305 esse:

74 3335 132 3418 qui
151 3336 180 3399 si
199 3334 433 3418 discessissent,
452 3333 573 3397 maiore
589 3355 662 3397 eum
680 3332 791 3396 labore
806 3336 840 3394 et
857 3328 1084 3413 longinquiore
1102 3346 1120 3394 4
1159 3353 1160 3357 ¹

74 3427 223 3507 tempore
247 3422 370 3486 bellum
393 3421 625 3505 confecturum,
648 3442 721 3484 eum
740 3417 886 3502 singulos
906 3416 1085 3480 consectari

74 3514 262 3598 cogeretur:
285 3531 366 3593 quos
382 3510 411 3574 si
425 3507 539 3573 statim
554 3507 798 3594 aggrederetur,
812 3503 910 3567 brari
916 3503 1097 3566 uniuersas
