2400 3922
393 203 477 260 XXV.
497 203 661 261 ATTICUS.
690 209 769 259 5-7.
1019 203 1084 269 103

74 350 318 432 difficillimum,
345 347 508 413 efficiebat
534 351 586 432 ut,
613 348 699 413 inter
728 369 809 432 quos
839 351 949 420 tantae
977 347 1082 413 laudis

74 443 163 504 esset
191 437 379 521 aemulatio,
408 437 499 502 nulla
526 436 740 502 intercederet
763 436 960 501 obtrectatio
984 441 1083 501 esset

75 548 137 610 que
160 527 277 591 talium
299 525 444 590 virorum
467 525 591 608 copula.

163 613 202 678 In
225 636 259 679 re
287 613 419 697 publica
440 612 489 678 ita
512 617 563 677 est
589 617 750 696 versatus,
779 616 817 677 ut
845 633 972 695 semper
1000 612 1123 695 opti-6

75 725 202 768 marum
220 701 364 785 partium
382 705 416 766 et
434 705 520 766 esset
534 704 567 765 et
581 701 831 784 existimaretur,
848 722 952 784 neque
971 703 1083 764 tamen

76 813 110 856 se
139 790 289 856 civilibus
320 789 474 855 fiuctibus
503 789 736 872 committeret,
769 788 856 872 quod
882 810 949 853 non
975 789 1081 873 magis

75 900 190 944 eosm
154 878 190 943 in
212 899 271 944 sua
293 881 458 978 potestate
481 877 691 942 existimabat
714 897 794 961 esse,
818 877 873 960 qui
897 898 932 941 se
954 875 1006 940 his
1030 876 1081 941 de

76 967 210 1050 dissent,
233 986 329 1066 quam
349 965 404 1049 qui
423 965 596 1031 maritimis
614 966 824 1031 iactarentur.
857 966 997 1030 honores
1015 980 1118 1030 nona

75 1055 182 1140 petiit,
205 1075 278 1119 cum
301 1053 331 1119 ei
353 1057 504 1139 paterent
525 1058 661 1138 propter
679 1053 730 1119 vel
749 1053 892 1138 gratiam
909 1053 961 1118 vel
980 1052 1083 1138 digni·

76 1147 193 1207 tatem:
229 1141 316 1225 quod
342 1163 446 1226 neque
477 1142 547 1225 peti
573 1163 662 1208 more
691 1141 851 1207 maiorum
877 1162 981 1225 neque
1010 1139 1082 1224 oapi

75 1234 210 1314 possent
239 1229 439 1295 conservatis
470 1229 639 1314 legibus'
629 1251 665 1294 m
696 1233 765 1294 tam
797 1229 907 1295 effusis
939 1228 1082 1294 ambitus

75 1316 306 1403 largitionibus
338 1338 442 1400 neque
471 1318 538 1398 peri
564 1338 582 1380 e
610 1338 646 1381 re
676 1317 809 1401 publiea
836 1318 906 1383 sine
937 1316 1081 1402 periculo

75 1405 239 1490 corruptis
258 1404 402 1470 civitatis
422 1403 576 1468 moribus.
608 1404 649 1468 ad
661 1404 792 1469 hastam
809 1405 974 1488 publicam
991 1421 1118 1470 num-s

76 1515 175 1577 quam
202 1491 347 1558 accessit.
391 1491 513 1557 nullius
540 1491 588 1554 rei
614 1512 718 1574 neque
746 1512 840 1575 praes
867 1514 971 1576 neque
995 1513 1082 1556 man·

76 1603 152 1665 ceps
179 1581 286 1645 factus
314 1583 373 1643 est.
417 1579 579 1644 neminem
606 1600 710 1662 neque
738 1600 797 1644 suo
823 1580 955 1644 nomine
977 1600 1081 1662 neque

75 1668 284 1734 subscribens
308 1668 481 1751 accusavit,
503 1667 538 1731 in
559 1667 610 1732 ius
633 1667 672 1731 de
696 1687 755 1731 sua
776 1688 812 1731 re
834 1688 1011 1750 numquam
1034 1666 1083 1751 iit,

74 1756 231 1821 iudicium
258 1755 384 1819 nullum
415 1755 540 1820 habuit.
585 1755 764 1820 multorum
792 1756 960 1820 consulum
992 1770 1119 1837 praes

75 1850 249 1926 torumque
267 1841 486 1926 praefecturas
506 1843 630 1909 delatas
650 1843 697 1909 sic
711 1843 845 1927 accepit,
863 1847 901 1907 ut
920 1841 1083 1907 neminem

76 1933 123 2084 {a
137 1929 1083 2104 ltltttbtbtttlaltl‘tdtbutsstllt

77 2107 207 2192 quidem
234 2105 389 2176 Cicerone
416 2106 557 2172 voluerit
587 2108 634 2172 ire
667 2109 702 2171 in
727 2106 860 2192 Asiam,
892 2129 965 2174 cum
997 2106 1082 2191 apud

77 2218 151 2260 eum
173 2194 276 2280 legati
298 2195 406 2258 locum
429 2194 576 2259 obtinere
606 2199 726 2278 posset.
771 2196 947 2261 nonenim
970 2196 1081 2260 decere

77 2305 112 2349 se
131 2284 360 2366 arbitrabatur,
383 2288 457 2347 cum
474 2285 661 2366 praeturam
679 2303 791 2366 gerere
809 2283 977 2366 noluisset,
998 2305 1083 2348 asse·

77 2371 162 2437 olam
189 2393 259 2436 esse
287 2371 457 2454 praetoris.
502 2391 566 2453 qua
593 2370 627 2434 in
654 2392 688 2434 re
710 2392 776 2435 non
800 2371 905 2435 solum
928 2370 1118 2454 dignitatis

77 2458 252 2543 serviebat,
285 2459 341 2523 sed
370 2459 470 2523 etiam
499 2458 746 2541 tranquillitati,
778 2479 851 2522 eum
882 2457 1093 2541 suspiciones.

78 2569 205 2632 quoque
232 2548 352 2612 vitaret
380 2547 559 2612 criminum
605 2568 669 2630 quo
696 2546 797 2610 fiebat
823 2550 860 2610 ut
883 2545 952 2609 eius
975 2547 1082 2611 obser·

76 2636 189 2700 vantia
215 2634 365 2700 omnibus
393 2639 480 2700 esset
507 2634 625 2718 carior,
658 2655 731 2698 cum
763 2655 834 2698 eam
864 2632 985 2717 officio,
1016 2656 1083 2699 non

77 2724 190 2788 timori
211 2744 316 2806 neque
340 2723 409 2807 spei
433 2723 534 2788 tribui
556 2722 710 2787 viderent.

165 2809 285 2876 Incidit
307 2809 537 2876 Caesarianum
561 2810 654 2876 civile
678 2811 808 2875 bellum.
851 2831 924 2875 cum
946 2809 1123 2876 haberet?

78 2919 179 2965 annos
208 2899 337 2964 circiter
365 2900 547 2985 sexaginta,
577 2921 656 2964 usus
686 2903 737 2964 est
768 2898 885 2964 aetatis
913 2899 1082 2964 vacatione

76 3008 181 3070 neque
205 3007 240 3052 se
263 3007 426 3070 quoquam
448 2987 551 3053 movit
574 3009 613 3052 ex
635 2987 723 3052 urbe.
770 3009 851 3071 quae
878 2987 991 3053 amicis
1015 2987 1082 3052 suis

78 3096 159 3158 opus
182 3074 312 3140 fuerant
334 3074 375 3138 ad
392 3074 584 3159 Pompeium
601 3075 892 3159 proficiscentibus,
916 3074 1025 3140 omnia
1043 3096 1083 3139 ex

78 3183 139 3228 sua
159 3184 193 3228 re
215 3162 370 3227 familiari
394 3162 497 3246 dedit,
528 3163 637 3247 ipsum
659 3163 851 3248 Pompeium
874 3163 1082 3228 coniunctum

77 3271 144 3314 non
166 3250 308 3316 offendit.
343 3250 470 3314 nullum
493 3251 534 3314 ab
558 3271 596 3314 eo
618 3251 761 3315 habebat
784 3253 1023 3332 ornamentum,
1045 3253 1119 3315 uta

78 3339 187 3422 ceteri,
209 3339 265 3422 qui
287 3360 346 3423 per
364 3360 438 3403 eum
456 3341 514 3402 aut
530 3338 670 3404 honores
690 3343 747 3403 aut
765 3338 896 3402 divitias
914 3341 1082 3421 ceperant:

78 3446 216 3508 quorum
238 3427 359 3511 partim
381 3425 570 3491 invitissimi
593 3430 701 3491 castra
724 3430 800 3490 sunt
823 3425 938 3509 secuti,
960 3425 1083 3510 partim

76 3534 205 3580 summa
219 3534 293 3580 cum
307 3515 375 3580 eius
390 3512 566 3580 offensione
585 3515 677 3579 domi
691 3518 937 3578 remansereut,
954 3512 1143 3574 bassam
