2400 3922
350 219 410 275 XV.
428 219 703 277 EPAMINONDAS.
732 229 811 279 2-4.
1044 227 1085 290 57

72 366 209 432 sebatur
231 365 408 449 plurimum
427 366 583 431 currendo
603 370 637 430 et
655 367 808 432 luctando
827 368 961 433 adeum
979 371 1086 455 finem,

73 455 182 539 quoad
210 457 302 518 stans
330 454 503 538 complecti
535 458 648 538 posset
675 459 773 539 atqua
804 457 1006 522 contendere.
1051 461 1086 524 in

73 542 174 609 armis
198 563 275 607 varo
298 543 476 627 plurimum
499 542 600 607 studii
623 545 843 609 consumebat.

163 629 216 695 Ad
241 630 326 696 hanc
354 630 499 715 corporis
529 631 719 697 firmitatem
742 633 837 716 plura
860 634 959 698 etiam
984 635 1124 702 animi3

74 723 161 786 bona
179 723 393 784 accesserant
422 719 594 784 eratenim
608 720 784 805 modestus,
802 721 952 807 prudens,
966 723 1085 808 gravis,

74 807 279 891 temporibus
298 807 463 891 sapienter
480 810 585 891 utens,
607 809 733 891 peritus
751 809 840 893 belli,
862 809 959 875 fortis
979 832 1086 896 manu,

73 897 185 963 animo
212 896 368 981 maximo,
400 895 479 961 adeo
511 895 660 960 veritatis
694 897 846 983 diligens,
877 902 916 963 ut
942 921 983 964 no
1013 900 1085 964 ioco

73 985 206 1071 quidem
229 985 432 1049 mentiretur.
472 983 558 1048 idem
581 985 759 1070 continens,
782 987 922 1052 clemens
944 988 1121 1071 patiens-a

73 1094 138 1159 que
166 1072 390 1137 admirandum
417 1073 453 1137 in
478 1073 624 1156 modum,
652 1094 719 1139 non
742 1075 848 1140 solum
875 1076 1003 1160 populi,
1030 1074 1087 1140 sed

73 1162 176 1228 etiam
199 1161 378 1226 amicorum
401 1159 507 1225 ferens
535 1160 684 1246 iniurias,
711 1163 746 1226 in
772 1162 888 1246 primis
912 1163 1087 1230 commissa

74 1250 199 1334 celans,
231 1249 374 1333 quodque
404 1248 568 1312 interdum
594 1270 661 1314 non
688 1250 795 1315 minus
827 1251 961 1335 prodest
989 1273 1087 1335 quam

74 1338 196 1403 diserte
221 1336 335 1420 dicero,
359 1335 524 1401 studiosus
547 1337 710 1402 audiendi:
740 1359 780 1402 ex
801 1338 864 1403 hoc
888 1341 974 1404 enim
997 1339 1086 1405 facil·

73 1427 153 1490 lime
177 1425 258 1490 disci
281 1424 511 1489 arbitrabatur.
557 1425 668 1508 itaque
692 1447 766 1489 cum
792 1427 828 1489 in
856 1426 1013 1492 circulum
1036 1443 1121 1492 rea

73 1515 193 1598 nisset,
219 1513 254 1578 in
282 1533 346 1597 quo
370 1516 427 1577 aut
449 1513 488 1578 do
512 1534 546 1576 re
568 1513 701 1596 publica
724 1512 945 1597 disputaretur
968 1519 1025 1579 aut
1048 1515 1087 1578 de

72 1601 285 1688 philosophia
316 1621 422 1666 sermo
449 1600 640 1684 haberetur,
675 1621 853 1683 numquam
889 1601 964 1665 indo
996 1603 1087 1686 prius

74 1689 237 1775 discessit,
260 1710 358 1773 quam
381 1689 421 1753 ad
443 1689 541 1753 finem
564 1710 670 1753 sermo
694 1692 781 1753 esset
804 1688 971 1754 adductus.
1011 1706 1123 1773 pau-4

73 1780 239 1863 pertatem
262 1778 341 1842 adeo
364 1776 460 1842 facile
483 1799 656 1861 perpessus
680 1780 743 1861 est,
772 1780 811 1841 ut
838 1777 876 1840 do
899 1777 1088 1860 republica

73 1866 158 1931 nihil
181 1869 311 1949 praetor
334 1865 474 1951 gloriam
493 1865 623 1949 ceperit.
663 1865 842 1931 amicorum
860 1865 895 1929 in
914 1887 948 1930 ss
967 1864 1087 1929 tuendo

75 1954 183 2020 caruit
214 1953 441 2037 facultatibus,
472 1952 535 2017 fida
563 1955 603 2017 ad
631 1954 712 2019 alios
746 1954 961 2019 sublevandos
992 1974 1088 2037 saepe

75 2043 123 2107 sic
146 2063 226 2107 usus
249 2046 313 2125 est,
339 2045 378 2106 ut
404 2040 540 2106 iudicari
562 2042 669 2125 possit
692 2043 801 2108 omnia
824 2043 854 2107 ei
878 2065 951 2108 cum
975 2042 1088 2107 amicis

75 2130 178 2196 fuisse
206 2129 397 2195 communia.
442 2150 519 2194 nam
543 2151 616 2195 cum
639 2135 696 2195 aut
724 2131 843 2195 civium
872 2152 1005 2196 suorum
1033 2130 1123 2195 ali-5

75 2219 150 2304 quis
169 2219 211 2282 ab
234 2217 385 2284 hostibus
405 2221 491 2282 asset
510 2221 624 2301 captus
640 2222 697 2282 aut
711 2219 803 2304 virgo
817 2219 939 2282 nubilis
953 2222 1089 2302 propter

74 2309 304 2393 paupertatem
319 2305 472 2371 collocari
490 2327 557 2370 non
575 2310 697 2389 posset,
720 2306 899 2370 amicorum
914 2306 1089 2370 concilium

73 2395 221 2460 habebat
243 2398 290 2479 et,
317 2398 476 2477 quantum
499 2393 636 2477 quisque
659 2393 764 2477 daret,
791 2414 851 2476 pro
875 2391 1088 2456 facultatibus

74 2483 269 2568 imperabat.
303 2502 438 2565 eamque
453 2503 614 2546 summam
628 2502 702 2544 cum
715 2479 846 2562 fecerat,
864 2479 975 2563 potius
991 2499 1088 2562 quam
1107 2496 1123 2545 6

75 2573 140 2655 ipse
163 2570 326 2654 acciperet
348 2570 532 2654 pecuniam,
560 2569 740 2633 adducebat
764 2589 850 2651 eum,
879 2567 935 2650 qui
958 2587 1089 2649 quaere-

78 2661 143 2744 bat,
167 2659 207 2724 ad
226 2680 291 2742 eos,
314 2658 370 2742 qui
390 2656 608 2741 conferebant,
631 2657 724 2739 eique
743 2659 781 2720 ut
799 2655 863 2738 ipsi
880 2660 1090 2719 numerarent

74 2747 228 2832 faciebat,
250 2750 289 2811 ut
312 2746 377 2830 ille,
400 2746 440 2810 ad
464 2767 560 2829 quem
583 2766 621 2809 ea
646 2746 724 2824 [ros]
748 2742 967 2827 perveniebat,
991 2742 1089 2807 sciret

76 2839 237 2920 quantum
261 2835 376 2917 cuique
400 2834 540 2898 deberet.

165 2922 306 2987 Tentata
329 2924 439 2986 autem
458 2922 526 2986 eius
546 2925 597 2986 est
616 2920 816 2986 abstinentia
835 2942 854 2984 a
872 2921 1089 2986 Diomedonte
1107 2921 1130 2986 4

76 3010 252 3095 Cyzicena:
275 3031 415 3093 namque
438 3010 467 3074 is
490 3014 609 3096 rogatu
632 3010 824 3074 Artaxerxis
848 3009 934 3096 regis
958 3009 1089 3094 Epami·

75 3100 218 3164 nondam
231 3099 369 3183 pecunia
383 3097 654 3182 corrumpendum
669 3101 864 3181 susceperat.
897 3097 951 3161 hic
970 3118 1089 3181 magno

76 3210 151 3253 cum
182 3188 324 3272 pondere
357 3187 427 3251 auri
454 3186 583 3250 Thebas
615 3186 705 3251 venit
737 3189 770 3249 et
799 3184 983 3268 Micythum
1016 3184 1090 3246 adu·

75 3276 305 3360 lescentulum,
335 3295 431 3358 quem
458 3278 529 3338 tum
552 3273 795 3358 Epaminondas
819 3270 997 3355 plurimum
1020 3270 1090 3334 dili·

76 3365 185 3450 gebat,
209 3365 350 3448 quinque
373 3363 507 3427 talentis
531 3363 572 3426 ad
595 3384 687 3426 suam
709 3360 861 3445 perduxit
876 3356 1089 3422 voluntatem.

75 3451 243 3537 Micythus
262 3451 522 3536 Epaminondam
546 3451 697 3515 convenit
720 3451 753 3511 et
776 3467 907 3510 causam
931 3446 1089 3510 adventus

75 3539 304 3605 Diomedontis
324 3538 475 3605 ostendit.
511 3541 546 3604 at
564 3538 622 3604 itte
633 3534 857 3604 Diomedonti
867 3532 1102 3597 ceramum
1125 3545 1153 3586 ‘a
