2400 3922
115 205 159 300 56
395 231 456 287 xv.
475 227 746 285 nrnnmoums.
777 234 800 283 1.
820 236 844 285 a.

390 413 466 487 XV.
494 412 850 487 EPAMINONDAS.
907 430 909 434 ’

82 557 98 622 l
203 552 456 638 Epaminondas,
479 550 644 636 Polymnii
666 551 763 637 filius,
786 551 969 617 Thebanus.
1006 552 1045 617 de
1064 553 1127 619 hoc

114 644 306 730 priusquam
325 640 507 724 scribimus,
526 640 606 704 haec
620 640 847 723 praecipienda
859 640 1010 706 videntur
1028 641 1128 707 lecto

115 733 216 818 ribus,
237 752 278 796 ne
297 729 420 795 alienos
439 749 546 793 mores
565 728 606 792 ad
624 749 700 794 suos
715 727 867 813 referant,
884 750 965 793 neve
979 749 1025 814 ea,
1045 750 1128 818 quae

115 821 196 906 ipsis
219 819 343 884 leviora
365 821 455 902 sunt,
481 816 553 900 pari
577 817 673 881 modo
697 816 782 901 apud
805 821 931 882 ceteros
954 815 1056 883 fuisse
1081 841 1128 882 ar·

81 911 288 975 abitrantur.
317 906 437 972 scimus
457 905 543 969 enim
562 904 707 970 musicen
719 905 843 969 nostris
858 905 1004 971 moribus
1015 906 1130 972 abesse

116 1020 136 1062 a
158 995 314 1082 principis
337 1014 485 1079 persona,
509 993 628 1057 saltare
650 1014 728 1058 vero
751 992 852 1058 etiam
870 993 905 1058 in
922 993 1013 1059 vitiis
1035 995 1129 1079 poni:

117 1107 199 1170 quae
223 1083 332 1149 omnia
355 1081 440 1165 apud
464 1079 605 1146 Graecos
625 1086 659 1147 et
677 1085 773 1167 grata
790 1086 824 1146 et
841 1081 935 1146 laude
954 1082 1055 1168 digna
1075 1084 1129 1149 du·

82 1189 98 1237 a
118 1176 243 1239 cuntur.
275 1192 349 1236 cum
363 1174 473 1234 autem
491 1169 670 1254 exprimere
688 1170 866 1256 imaginem
885 1171 1129 1237 consuetudinis

117 1265 215 1344 atque
238 1259 326 1325 ritae
349 1258 485 1323 velimus
508 1257 767 1343 Epaminondae,
796 1258 880 1324 nihil
907 1258 1055 1325 videmur
1078 1260 1130 1325 de

116 1349 193 1414 bere
216 1347 492 1433 praetermittere,
516 1347 603 1430 quod
625 1347 788 1430 pertineat
811 1347 852 1412 ad
875 1368 947 1412 eam
965 1348 1130 1414 declaran-

82 1438 200 1503 sdam.
247 1457 347 1520 quare
370 1435 513 1500 dicemus
537 1435 679 1518 primum
702 1435 740 1499 de
764 1455 882 1519 genere
906 1435 992 1521 eius,
1015 1436 1130 1502 deinde

118 1526 235 1610 quibus
263 1523 443 1608 disciplinis
471 1527 505 1588 et
533 1545 553 1586 a
580 1523 698 1608 quibus
727 1523 771 1588 sit
799 1523 959 1606 eruditus,
991 1527 1064 1590 tum
1091 1526 1131 1591 de

117 1615 263 1679 moribus
286 1613 473 1698 ingeniique
497 1611 709 1676 facultatibus
733 1615 767 1676 et
790 1612 818 1676 si
842 1633 906 1695 qua
927 1612 992 1677 alia
1010 1635 1131 1680 memo

117 1703 167 1767 ria
194 1702 294 1787 digna
321 1705 430 1785 erunt,
461 1704 627 1784 postremo
657 1701 695 1764 de
723 1699 821 1765 rebus
849 1700 968 1786 gestis,
1000 1723 1084 1785 quae
1113 1725 1132 1767 a

118 1791 270 1876 plurimis
294 1789 394 1854 animi
418 1791 660 1872 anteponuntur
683 1787 869 1853 virtutibus.

84 1878 106 1943 2
208 1876 315 1942 Natus
338 1877 441 1960 igitur
462 1879 565 1960 patre,
588 1896 652 1958 quo
672 1875 821 1960 diximus,
844 1896 962 1962 genere
981 1877 1133 1965 honesto,
1156 1893 1159 1897 “

118 1985 242 2049 pauper
264 1964 331 2026 iam
354 1984 373 2026 a
396 1962 574 2047 maioribus
598 1963 731 2028 relictus
760 1969 817 2049 est,
847 1964 993 2030 eruditus
1020 1970 1133 2034 autem

120 2054 167 2116 sic
190 2055 227 2116 ut
249 2072 345 2115 nemo
368 2049 542 2115 Thebanus
566 2051 680 2136 magis.
726 2073 802 2117 nam
826 2056 860 2117 et
882 2053 1075 2120 citharizare
1099 2059 1134 2120 et

121 2142 251 2205 cantare
279 2139 320 2203 ad
348 2138 542 2203 chordarum
569 2162 685 2205 sonum
708 2140 823 2206 doctus
847 2145 897 2206 est
921 2164 940 2205 a
961 2140 1133 2229 Dionysio,

121 2229 176 2312 qui
204 2249 270 2292 non
298 2227 422 2292 minore
450 2227 515 2292 fuit
537 2228 573 2293 in
595 2229 727 2293 musicis
751 2229 857 2315 gloria
881 2250 979 2314 quam
1002 2230 1133 2297 Damon

121 2321 179 2381 aut
201 2315 376 2401 Lamprus,
404 2337 541 2400 quorum
564 2317 758 2402 pervulgata
781 2321 858 2382 sunt
884 2319 1032 2404 nomina,
1061 2342 1133 2385 can·

85 2409 192 2470 atare
215 2405 306 2469 tibiis
331 2406 372 2469 ab
392 2403 637 2490 Olympiodoro,
660 2405 780 2470 saltare
804 2428 823 2470 a
842 2404 1061 2490 Calliphrone.
1098 2412 1134 2473 at

121 2493 349 2578 philosophiae
371 2498 616 2578 praeceptorem
638 2493 754 2558 habuit
776 2493 890 2578 Lysim
910 2493 1134 2580 Tarentinum,

121 2581 379 2668 Pythagoreum:
416 2582 468 2646 cui
496 2583 626 2666 quidem
654 2583 701 2647 sic
728 2581 792 2648 fuit
819 2582 960 2668 deditus,
992 2588 1031 2649 ut
1059 2584 1134 2649 adu·

121 2671 247 2735 lescens
271 2671 401 2734 tristem
422 2691 460 2734 ae
479 2691 625 2735 severum
644 2692 754 2735 senem
773 2671 923 2736 omnibus
942 2673 1134 2756 aequalibus

124 2759 190 2821 suis
214 2759 248 2820 in
270 2755 494 2821 familiaritate
531 2761 769 2843 anteposuerit3
797 2781 901 2844 neque
930 2761 1022 2844 prius
1060 2782 1136 2828 eum

124 2865 200 2908 ase
224 2843 362 2928 dimisit,
387 2866 484 2927 quam
506 2845 541 2909 in
563 2845 720 2910 doctrinis
743 2850 837 2911 tanto
861 2850 1038 2912 antecessit
1062 2869 1135 2914 con·

123 2931 308 3014 discipulos,
330 2935 369 2995 ut
387 2931 483 2997 facile
502 2933 649 3018 intellegi
667 2938 781 3017 posset
798 2934 870 3018 pari
889 2936 985 3000 modo
1005 2957 1135 3020 supera·

88 3035 104 3085 a
123 3024 235 3083 turum
250 3039 361 3082 omnes
375 3020 411 3083 in
426 3020 542 3085 ceteris
557 3021 691 3085 artibus.
724 3025 822 3107 atque
837 3023 917 3088 haec
932 3023 972 3088 ad
985 3028 1136 3089 nostram

123 3106 390 3174 consuetudinem
414 3111 491 3172 sunt
513 3109 598 3173 levia
621 3113 654 3173 et
681 3111 792 3194 potius
821 3113 1072 3197 contemnenda;
1101 3116 1137 3176 at

87 3198 158 3262 ain
182 3195 331 3282 Graecia,
359 3195 472 3280 utique
500 3197 592 3282 olim,
623 3220 761 3284 magnae
788 3199 877 3264 laudi
900 3204 1002 3265 erant.
1048 3203 1138 3287 post

124 3308 222 3370 quam
250 3285 394 3370 ephebus
422 3288 473 3350 cst
500 3285 606 3350 factus
635 3290 668 3350 et
697 3288 879 3372 palaestrae
903 3288 979 3353 dare
1004 3310 1138 3373 operam

123 3375 246 3459 coepit,
278 3378 446 3439 nontam
473 3374 691 3460 magnitudini
719 3376 838 3440 virium
870 3377 1006 3442 servivit
1039 3398 1139 3461 quam

122 3463 305 3526 velocitati:
335 3462 429 3527 illam
453 3463 539 3527 enim
563 3463 603 3526 ad
626 3463 825 3529 athletarum
852 3486 962 3550 usum,
989 3465 1074 3530 hanc
1097 3465 1139 3529 ad

59 3557 81 3599 a
98 3544 189 3605 belli
209 3550 433 3643 exr'stimabat
458 3552 674 3636 [utilitatem]
702 3553 876 3638 pertinere.
916 3554 1029 3634 itaque
1051 3575 1138 3617 exer·
