2400 3922
136 231 179 296 38
516 227 550 285 r.
568 227 666 283 mou.
695 234 772 282 2-4.

135 374 287 440 traderet.
322 395 426 456 neque
449 393 525 437 vero
549 372 656 436 minus
679 372 749 456 ipse
771 370 868 435 Plato
892 371 1071 435 delectatus
1096 375 1147 435 est

135 461 250 527 Dione.
283 462 395 544 itaque
415 481 489 526 cum
508 481 528 523 a
546 463 685 543 tyranno
701 458 874 523 crudeliter
888 458 1030 523 violatus
1050 462 1146 543 esset,

138 551 257 634 quippe
285 549 340 633 qui
371 570 445 614 eum
476 546 664 611 venumdari
695 546 859 630 iussisset,
890 550 1002 611 tamen
1033 547 1145 612 eodem

101 654 119 704 a
137 637 235 702 rediit
258 637 401 703 eiusdem
423 634 539 700 Dionis
566 634 717 718 precibus
746 634 911 699 adductus.
956 634 1090 698 interim
1112 636 1146 700 in

137 727 288 790 morbum
319 724 434 790 incidit
464 721 651 806 Dionysius.
702 744 766 806 quo
799 744 872 786 cum
909 722 1040 808 gravius
1074 744 1146 788 con·

136 814 328 897 dictaretur,
351 811 511 896 quaesivit
530 832 549 874 a
568 810 701 875 medicis
720 809 816 895 Dion,
840 832 936 893 quem
955 810 996 875 ad
1014 810 1147 876 modum

138 923 172 967 se
195 901 340 984 haberet,
363 899 524 982 simulque
548 899 589 962 ab
612 898 654 962 iis
676 897 782 982 petiit,
805 899 834 963 si
856 897 942 962 forte
964 901 1000 962 ia
1023 899 1146 964 maiore

138 993 224 1055 esset
245 987 403 1073 periculo,
432 990 470 1051 ut
498 985 562 1050 sibi
583 985 777 1051 faterentur:
809 1008 887 1051 nam
908 987 990 1052 velle
1015 1008 1049 1051 se
1073 1009 1146 1053 cum

138 1099 176 1142 eo
204 1075 346 1158 colloqui
377 1075 416 1138 de
448 1074 618 1157 partiendo
650 1094 764 1159 regno,
797 1074 883 1158 qued
915 1076 1036 1140 sororis
1070 1097 1146 1140 suae

136 1165 222 1228 filios
241 1185 281 1227 ex
298 1162 355 1226 illo
370 1166 466 1227 natos
480 1166 608 1246 partem
621 1163 714 1247 regni
734 1163 873 1247 putabat
887 1163 1003 1228 debere
1016 1164 1145 1229 habere.

101 1251 170 1317 sid
193 1250 309 1315 medici
331 1272 397 1315 non
419 1254 591 1315 tacuenmt
612 1254 647 1329 et
670 1250 710 1315 ad
732 1249 927 1334 Dionysium
955 1251 1059 1316 filium
1083 1273 1147 1317 ser·

138 1347 277 1403 monem
298 1339 514 1403 rettulerunt.¹
551 1360 615 1422 quo
647 1338 703 1402 ille
731 1343 927 1422 commotus,
958 1362 998 1404 nc
1029 1340 1147 1426 agendi

138 1430 225 1492 esset
238 1424 338 1491 Dioni
351 1430 509 1511 potestas,
522 1426 611 1510 patri
626 1448 776 1510 soporem
790 1427 932 1492 medicos
943 1427 1019 1492 dare
1029 1429 1146 1514 co'c'git.

137 1515 199 1579 heo
223 1535 320 1600 aeger
343 1518 475 1598 sumpto
499 1515 626 1598 sopitus
650 1514 736 1579 diem
759 1515 843 1579 obiit
866 1536 1062 1600 supremum.

102 1605 124 1670 3
225 1602 303 1667 'Pale
330 1602 462 1668 initium
488 1601 552 1666 fuit
574 1600 690 1667 Dionis
721 1606 755 1667 et
776 1601 927 1686 Dionysii
957 1602 1146 1688 simultatio,

137 1713 238 1775 eaque
262 1690 374 1756 multis
398 1691 494 1754 rebus
518 1694 614 1754 aucta
632 1695 691 1754 est.
729 1690 784 1754 sed
802 1695 913 1755 tamen
930 1692 1045 1775 primis
1066 1696 1147 1757 tem-

136 1780 271 1863 poribus
286 1778 486 1861 aliquamdiu
502 1777 656 1841 simulata
674 1778 759 1842 inter
778 1800 833 1843 eos
853 1779 998 1845 amicitia
1016 1777 1145 1845 mansit

135 1869 227 1948 sicat,
259 1887 332 1930 cum
355 1864 443 1929 Dion
464 1885 531 1928 non
555 1864 727 1929 desisteret
750 1867 919 1932 obsecrare
942 1865 1146 1952 Dionysium,

137 1957 175 2019 ut
197 1951 368 2016 Platonem
390 1949 530 2016 Athenis
560 1957 737 2018 arcesseret
760 1957 794 2018 et
816 1955 885 2019 eius
909 1955 1054 2020 consiliis
1077 1961 1146 2020 ute-

137 2043 241 2122 retur,
272 2038 341 2122 ille,
374 2039 430 2122 qui
462 2038 496 2103 in
526 2039 635 2122 aliqua
661 2062 697 2104 re
725 2042 824 2107 vellet
854 2047 982 2126 patrem
1013 2043 1145 2127 imitari,

101 2144 262 2194 amorem
285 2127 315 2191 ei
338 2127 448 2212 gessit.
486 2127 662 2212 eodemque
680 2133 827 2214 tempere
845 2128 1022 2196 Philistum
1044 2132 1146 2197 histo·

137 2216 241 2280 ricum
265 2212 443 2298 Syracusas
471 2215 613 2300 reduxit,
640 2217 806 2282 hominem
830 2218 970 2283 amioum
992 2240 1060 2284 non
1082 2242 1146 2285 ma·

137 2304 189 2389 gis
213 2306 351 2388 tyranno
376 2325 473 2387 quam
496 2305 670 2388 tyrannidi.
716 2306 772 2370 sed
795 2306 834 2371 de
856 2307 919 2371 hoc
941 2307 977 2370 in
999 2325 1036 2371 ee
1060 2308 1145 2373 libro

137 2392 231 2476 plura
264 2396 341 2457 sunt
367 2393 528 2477 exposita,
562 2393 618 2476 qui
649 2393 688 2458 de
716 2392 883 2459 historicis
912 2393 1045 2460 Graecis
1074 2418 1146 2462 con-

98 2481 279 2564 ssoriptus
307 2484 366 2546 est
411 2479 507 2545 Plato
535 2484 645 2545 autem
677 2485 806 2546 tantum
838 2483 924 2566 apud
950 2482 1146 2568 Dionysium

137 2569 332 2634 auctoritate
366 2569 476 2653 potuit
507 2569 673 2652 valuitque
705 2570 908 2655 eloquentia,
944 2574 983 2635 ut
1015 2573 1045 2636 ei
1076 2595 1145 2657 per·

137 2657 278 2722 suaserit
296 2656 478 2738 tyrannidis
504 2655 609 2721 facere
627 2657 726 2722 finem
744 2658 995 2742 libertatemque
1013 2660 1145 2726 reddere

138 2742 359 2827 Syracusanis.
377 2764 397 2806 a
411 2765 475 2826 qua
488 2744 656 2809 voluntate
670 2744 803 2809 Philisti
818 2746 954 2812 consilio
969 2747 1144 2813 deterritus

138 2829 305 2912 aliquanto
329 2829 488 2895 crudelior
511 2853 581 2896 esse
605 2833 720 2916 coepit.

101 2919 124 2985 4
226 2917 289 2992 Qui
313 2917 442 3000 quidem
467 2940 579 2983 cuma
596 2918 702 2984 Dione
726 2942 760 2985 se
784 2925 930 3006 superari
953 2923 1077 2988 videret
1100 2926 1145 2989 in·

136 3005 247 3091 genie,
275 3005 485 3091 auctoritate,
515 3028 624 3072 amore
647 3009 774 3093 populi,
801 3031 914 3076 verens
936 3033 991 3095 ne,
1019 3013 1145 3077 sicum

137 3114 246 3158 secum
272 3092 422 3177 haberet,
449 3094 592 3178 aliquam
620 3097 822 3162 occasionem
850 3100 901 3163 sui
924 3098 1017 3163 daret
1040 3101 1146 3184 oppri-

136 3181 253 3265 mendi,
276 3202 391 3246 navem
413 3183 444 3245 ei
462 3183 629 3248 triremem
647 3184 744 3269 dedit,
764 3208 828 3269 qua
842 3185 1037 3252 Corinthum
1056 3188 1146 3252 deve

135 3271 281 3354 heretur,
310 3269 482 3335 ostendens
510 3293 544 3335 se
572 3271 605 3335 id
628 3273 798 3356 utriusque
826 3272 932 3339 facere
956 3297 1067 3360 causa,
1096 3299 1145 3359 nc,

137 3381 211 3424 cum
225 3360 311 3423 inter
325 3379 359 3422 se
373 3358 536 3443 timerent,
555 3360 712 3424 alteruter
731 3362 870 3426 alterum
884 3367 1145 3447 praeoccuparet.

101 3446 170 3511 aid
193 3468 266 3512 eum
289 3445 413 3513 factum
437 3447 533 3512 multi
559 3448 807 3531 indignarentur
835 3470 1036 3535 magnaeque
1060 3454 1146 3516 esset

117 3531 268 3596 r'nm'drhe
298 3539 455 3622 tyranno,
482 3533 664 3621 Dionysius
687 3537 810 3621 omnia,
840 3559 921 3620 quae
945 3539 1069 3604 moveri
1090 3560 1146 3622 po·
