2400 3922
112 226 133 288 2
436 219 647 276 PRAEFATIO.
671 227 686 286 ξ
706 228 783 276 6-8.

111 369 333 432 Romanorum
355 365 455 448 pudet
477 385 611 428 uxorem
635 365 749 428 ducere
772 366 807 428 in
825 365 1033 430 convivium?
1063 372 1121 432 111

112 457 202 521 11111
225 476 291 518 111
309 456 414 516 mater
434 452 575 525 familias
594 452 736 534 primum
754 453 863 517 locum
882 456 972 517 tenet
991 455 1120 519 aedium

78 548 210 627 satque
232 542 268 606 in
290 541 478 606 celebritate
501 539 671 603 versatur?
708 540 794 622 quod
821 541 926 604 multo
956 541 995 604 fit
1023 543 1120 607 aliter

112 632 147 695 in
170 629 313 694 Graecia.
348 650 425 692 nam
451 648 555 709 neque
581 626 617 690 in
645 627 828 691 convivium
855 628 1027 693 adhibetur
1055 630 1120 694 nisi

112 719 384 802 propinquorum,
419 736 522 797 neque
555 715 645 779 sedet
676 714 741 778 nisi
772 716 807 779 in
838 716 992 780 interiore
1025 721 1120 800 parte

113 807 253 889 aedium,
280 825 361 887 quae
388 801 612 887 gynaeconitis
640 803 837 887 appellatur,
865 826 928 887 quo
951 826 1047 868 nemo
1072 827 1121 869 ao·

78 895 199 961 811111
225 892 289 956 nisi
316 891 498 974 propinqua
526 891 720 974 cognatione
746 891 946 957 coniunctus.
984 893 1040 956 sed
1067 892 1120 958 hic

112 982 207 1065 plura
224 978 374 1064 persequi
388 1000 462 1042 cum
476 978 666 1062 magnitudo
681 979 854 1042 voluminis
870 979 1030 1065 prohibet,
1049 984 1121 1044 tum

112 1069 294 1149 festinatio,
321 1071 359 1130 ut
381 1088 419 1130 ea
442 1067 612 1149 explicem,
642 1087 723 1148 quae
747 1088 879 1131 exorsus
904 1089 984 1131 sum.
1022 1089 1121 1150 quare

113 1157 153 1220 ad
179 1154 384 1239 propositum
412 1153 576 1217 veniemus
601 1157 634 1217 11
660 1154 695 1216 iu
720 1153 783 1217 hoc
811 1175 1007 1237 exponemus
1035 1156 1120 1220 libro

114 1243 152 1306 de
174 1242 243 1306 vita
266 1241 492 1306 excellentium
514 1241 758 1322 imperatorum.

454 1541 482 1614 I.
510 1540 781 1614 MILTIADES.

76 1683 93 1748 1
202 1680 377 1763 Miltiades,
396 1677 541 1744 Cimonis
564 1678 660 1761 filius,
679 1677 899 1762 Atheniensis,
923 1700 996 1742 oum
1015 1683 1048 1742 et
1068 1702 1121 1743 11-

113 1769 267 1852 tiquitate
295 1766 423 1853 generis
447 1771 480 1828 et
507 1765 613 1850 gloria
640 1766 800 1830 maiorum
823 1770 857 1830 et
880 1788 938 1831 sua
960 1767 1121 1832 modestia

113 1878 197 1920 unus
222 1856 366 1919 omnium
389 1853 528 1916 maxime
550 1852 682 1917 floreret
705 1875 805 1938 eaque
829 1859 916 1919 esset
939 1858 1061 1940 aetate,
1083 1860 1122 1920 ut

112 1965 179 2006 nou
205 1943 271 2006 iam
299 1942 405 2005 solum
433 1941 471 2004 de
495 1962 532 2004 eo
560 1940 642 2004 bene
670 1963 814 2027 sperare,
842 1944 899 2008 sed
926 1944 1026 2008 etiam
1049 1966 1121 2008 cou-

113 2030 212 2094 fiderc
236 2030 320 2093 cives
343 2032 478 2111 possent
500 2028 567 2112 sui,
590 2029 690 2092 talem
713 2051 787 2094 eum
809 2030 969 2116 futurum,
993 2033 1122 2114 qualem

115 2118 283 2201 cognitum
309 2116 506 2200 iudicanmt,
534 2116 652 2181 accidit
678 2121 716 2181 ut
742 2117 959 2183 Athenienses
987 2118 1122 2184 Cherso-

79 2222 228 2271 anesum
260 2205 391 2268 colonos
423 2204 544 2268 vellent
575 2204 714 2268 mittere.
765 2206 855 2271 cuius
888 2207 1015 2292 generis
1049 2230 1122 2272 oum

114 2314 251 2377 magnus
282 2313 436 2356 numerus
466 2296 552 2356 esset
579 2295 612 2355 11
645 2294 740 2357 multi
773 2294 842 2358 eius
875 2295 1122 2380 demigrationis

113 2385 263 2464 peterent
290 2381 493 2464 societatem,
521 2401 560 2443 111
587 2380 627 2444 iis
656 2382 772 2445 delecti
795 2381 941 2466 Delphos
970 2384 1122 2447 delibera-

114 2473 185 2533 tum
208 2470 300 2534 missi
324 2473 400 2534 sunt
425 2469 494 2551 [qui
517 2469 722 2534 consulerent
744 2468 955 2552 Apollinem],
979 2491 1042 2550 quo
1066 2493 1122 2551 po-

114 2558 279 2621 tissimum
304 2558 383 2622 duce
411 2560 587 2620 uterentur.
622 2575 761 2636 namque
789 2559 860 2617 tum
883 2554 1042 2618 Thraeces
1067 2578 1121 2620 eas

114 2646 263 2728 regiones
283 2644 448 2725 tenebant,
466 2664 539 2706 cum
559 2642 675 2724 quibus
692 2640 790 2705 armis
805 2644 876 2704 erat
895 2640 1122 2709 dimicandum.

79 2731 194 2809 o[his]
225 2728 468 2793 consulentibus
499 2729 693 2792 nominatim
720 2726 840 2810 Pythia
871 2730 1053 2815 praecepit,
1085 2737 1123 2796 ut

114 2816 297 2880 Miltiadem
320 2815 549 2897 imperatorem
573 2815 635 2879 sibi
658 2819 836 2878 sumerent:
859 2817 893 2881 id
914 2817 942 2880 si
960 2817 1122 2904 fecissent,

79 2905 244 2986 tincepta
275 2923 431 2986 prospera
462 2902 580 2966 futura
626 2903 688 2967 hoc
716 2903 838 2966 oraculi
867 2926 1022 2988 responso
1050 2907 1122 2971 Mil·

115 2991 218 3055 tiades
239 3011 312 3055 cum
331 2991 456 3055 delecta
473 3011 571 3055 mauu
586 2992 688 3056 classe
702 2989 941 3058 Chersonesum
957 2994 1121 3077 profectus

116 3100 189 3143 cum
212 3077 402 3143 accessisset
425 3077 583 3143 Lemnum
611 3083 644 3144 et
670 3079 793 3143 incolas
821 3081 890 3147 eius
914 3082 1038 3147 insulae
1063 3085 1121 3147 sub

115 3169 314 3250 potestatem
350 3167 495 3251 redigere
527 3167 626 3231 uellet
657 3167 921 3254 Atheniensium,
957 3170 1053 3254 idque
1089 3176 1124 3234 11

81 3254 243 3319 51111111
266 3275 324 3318 111
347 3259 463 3338 sponte
485 3253 629 3320 facerent
652 3257 861 3343 postulasset,
884 3258 933 3321 illi
951 3257 1123 3323 irridentes

116 3344 351 3427 respondenmt
382 3347 453 3407 tum
485 3343 519 3407 id
552 3365 586 3408 ss
622 3343 788 3428 facturos,
827 3367 900 3411 cum
935 3345 992 3408 ille
1027 3347 1122 3411 domo

115 3431 252 3495 navibus
284 3430 449 3515 profectus
478 3435 574 3496 vento
606 3433 756 3516 aquilone
787 3433 928 3497 venisset
956 3431 1123 3498 Lemnum.

104 3518 164 3577 hie
186 3519 276 3580 enim
302 3523 418 3584 ventus
442 3520 483 3584 ab
507 3521 794 3606 septemtrionibus
819 3521 926 3585 oriens
954 3522 1123 3586 adversum
