<?xml version="1.0" encoding="UTF-8"?>
<!DOCTYPE html PUBLIC "-//W3C//DTD XHTML 1.0 Transitional//EN"
    "http://www.w3.org/TR/xhtml1/DTD/xhtml1-transitional.dtd">
<html xmlns="http://www.w3.org/1999/xhtml" xml:lang="en" lang="en">
 <head>
  <title>
</title>
<meta http-equiv="Content-Type" content="text/html;charset=utf-8" />
  <meta name='ocr-system' content='tesseract 3.04.00' />
  <meta name='ocr-capabilities' content='ocr_page ocr_carea ocr_par ocr_line ocrx_word'/>
</head>
<body>
  <div class='ocr_page' id='page_1' title='image "./corneliinepotis14nepogoog_0062.png"; bbox 0 0 2400 3922; ppageno 0'>
   <div class='ocr_carea' id='block_1_1' title="bbox 389 214 1082 282">
    <p class='ocr_par' dir='ltr' id='par_1_1' title="bbox 389 214 1082 282">
     <span class='ocr_line' id='line_1_1' title="bbox 389 214 1082 282; baseline 0.003 -12"><span class='ocrx_word' id='word_1_1' title='bbox 389 214 461 271; x_wconf 82' lang='lat' dir='ltr'><strong>xlv.</strong></span> <span class='ocrx_word' id='word_1_2' title='bbox 480 214 661 272; x_wconf 82' lang='lat' dir='ltr'><strong>DATAMES.</strong></span> <span class='ocrx_word' id='word_1_3' title='bbox 692 221 768 271; x_wconf 81' lang='lat'><strong>1-3.</strong></span> <span class='ocrx_word' id='word_1_4' title='bbox 1039 219 1082 282; x_wconf 85' lang='grc'><strong>49</strong></span> 
     </span>
    </p>
   </div>
   <div class='ocr_carea' id='block_1_2' title="bbox 396 397 755 471">
    <p class='ocr_par' dir='ltr' id='par_1_2' title="bbox 396 397 755 471">
     <span class='ocr_line' id='line_1_2' title="bbox 396 397 755 471; baseline 0.006 -2"><span class='ocrx_word' id='word_1_5' title='bbox 396 397 489 470; x_wconf 90' lang='lat' dir='ltr'>XIV.</span> <span class='ocrx_word' id='word_1_6' title='bbox 517 397 755 471; x_wconf 77' lang='lat' dir='ltr'><strong>DATAMES.</strong></span> 
     </span>
    </p>
   </div>
   <div class='ocr_carea' id='block_1_3' title="bbox 73 532 1140 3691">
    <p class='ocr_par' dir='ltr' id='par_1_3' title="bbox 73 532 1120 1502">
     <span class='ocr_line' id='line_1_3' title="bbox 162 532 1120 622; baseline 0.004 -24"><span class='ocrx_word' id='word_1_7' title='bbox 162 532 335 619; x_wconf 89' lang='lat' dir='ltr'><strong>Datames,</strong></span> <span class='ocrx_word' id='word_1_8' title='bbox 365 538 459 618; x_wconf 89' lang='lat' dir='ltr'><strong>patre</strong></span> <span class='ocrx_word' id='word_1_9' title='bbox 487 533 666 622; x_wconf 79' lang='lat' dir='ltr'><strong>Camisare,</strong></span> <span class='ocrx_word' id='word_1_10' title='bbox 695 537 828 602; x_wconf 88' lang='lat' dir='ltr'><strong>natione</strong></span> <span class='ocrx_word' id='word_1_11' title='bbox 856 535 951 621; x_wconf 89' lang='lat' dir='ltr'><strong>Care,</strong></span> <span class='ocrx_word' id='word_1_12' title='bbox 978 539 1120 604; x_wconf 90' lang='lat' dir='ltr'><strong>matrel</strong></span> 
     </span>
     <span class='ocr_line' id='line_1_4' title="bbox 74 622 1083 710; baseline 0.002 -22"><span class='ocrx_word' id='word_1_13' title='bbox 74 622 247 706; x_wconf 77' lang='lat' dir='ltr'><strong>Scythissa</strong></span> <span class='ocrx_word' id='word_1_14' title='bbox 264 626 372 708; x_wconf 86' lang='lat' dir='ltr'><strong>natus,</strong></span> <span class='ocrx_word' id='word_1_15' title='bbox 389 623 531 706; x_wconf 91' lang='lat' dir='ltr'><strong>primum</strong></span> <span class='ocrx_word' id='word_1_16' title='bbox 550 625 693 689; x_wconf 92' lang='lat' dir='ltr'><strong>militum</strong></span> <span class='ocrx_word' id='word_1_17' title='bbox 711 627 746 689; x_wconf 78' lang='lat' dir='ltr'><strong>ire</strong></span> <span class='ocrx_word' id='word_1_18' title='bbox 763 647 897 691; x_wconf 91' lang='lat' dir='ltr'><strong>numero</strong></span> <span class='ocrx_word' id='word_1_19' title='bbox 915 625 979 690; x_wconf 81' lang='lat' dir='ltr'><strong>fuit</strong></span> <span class='ocrx_word' id='word_1_20' title='bbox 997 627 1083 710; x_wconf 90' lang='lat' dir='ltr'><strong>apud</strong></span> 
     </span>
     <span class='ocr_line' id='line_1_5' title="bbox 73 710 1082 798; baseline 0.002 -22"><span class='ocrx_word' id='word_1_21' title='bbox 73 710 280 776; x_wconf 70' lang='lat' dir='ltr'><strong>Artaxerxen</strong></span> <span class='ocrx_word' id='word_1_22' title='bbox 302 732 424 796; x_wconf 89' lang='lat' dir='ltr'><strong>eorum,</strong></span> <span class='ocrx_word' id='word_1_23' title='bbox 447 712 503 795; x_wconf 91' lang='lat' dir='ltr'><strong>qui</strong></span> <span class='ocrx_word' id='word_1_24' title='bbox 525 713 650 798; x_wconf 89' lang='lat' dir='ltr'><strong>regiam</strong></span> <span class='ocrx_word' id='word_1_25' title='bbox 673 714 856 778; x_wconf 88' lang='lat' dir='ltr'><strong>tuebantur.</strong></span> <span class='ocrx_word' id='word_1_26' title='bbox 897 717 991 797; x_wconf 88' lang='lat' dir='ltr'><strong>pater</strong></span> <span class='ocrx_word' id='word_1_27' title='bbox 1013 715 1082 779; x_wconf 91' lang='lat' dir='ltr'><strong>eius</strong></span> 
     </span>
     <span class='ocr_line' id='line_1_6' title="bbox 74 798 1083 885; baseline 0.001 -20"><span class='ocrx_word' id='word_1_28' title='bbox 74 798 274 885; x_wconf 83' lang='lat' dir='ltr'><strong>Camisares,</strong></span> <span class='ocrx_word' id='word_1_29' title='bbox 304 799 390 883; x_wconf 92' lang='lat' dir='ltr'><strong>quod</strong></span> <span class='ocrx_word' id='word_1_30' title='bbox 413 802 446 864; x_wconf 98' lang='lat' dir='ltr'><strong>et</strong></span> <span class='ocrx_word' id='word_1_31' title='bbox 469 800 685 866; x_wconf 84' lang='lat' dir='ltr'><strong>manufortis</strong></span> <span class='ocrx_word' id='word_1_32' title='bbox 709 805 743 867; x_wconf 88' lang='lat' dir='ltr'><strong>et</strong></span> <span class='ocrx_word' id='word_1_33' title='bbox 764 802 851 867; x_wconf 95' lang='lat' dir='ltr'><strong>bello</strong></span> <span class='ocrx_word' id='word_1_34' title='bbox 875 805 1025 867; x_wconf 90' lang='lat' dir='ltr'><strong>strenuus</strong></span> <span class='ocrx_word' id='word_1_35' title='bbox 1049 805 1083 866; x_wconf 87' lang='lat' dir='ltr'><strong>et</strong></span> 
     </span>
     <span class='ocr_line' id='line_1_7' title="bbox 73 887 1083 975; baseline 0.003 -23"><span class='ocrx_word' id='word_1_36' title='bbox 73 887 146 972; x_wconf 91' lang='lat' dir='ltr'><strong>regi</strong></span> <span class='ocrx_word' id='word_1_37' title='bbox 168 887 282 952; x_wconf 91' lang='lat' dir='ltr'><strong>multis</strong></span> <span class='ocrx_word' id='word_1_38' title='bbox 305 887 386 953; x_wconf 87' lang='lat' dir='ltr'><strong>locis</strong></span> <span class='ocrx_word' id='word_1_39' title='bbox 409 887 514 953; x_wconf 90' lang='lat' dir='ltr'><strong>fidelis</strong></span> <span class='ocrx_word' id='word_1_40' title='bbox 538 893 609 954; x_wconf 91' lang='lat' dir='ltr'><strong>erat</strong></span> <span class='ocrx_word' id='word_1_41' title='bbox 630 893 795 975; x_wconf 86' lang='lat' dir='ltr'><strong>repertus,</strong></span> <span class='ocrx_word' id='word_1_42' title='bbox 817 890 933 955; x_wconf 79' lang='lat' dir='ltr'><strong>habuit</strong></span> <span class='ocrx_word' id='word_1_43' title='bbox 955 890 1083 974; x_wconf 82' lang='lat' dir='ltr'><strong>provin·</strong></span> 
     </span>
     <span class='ocr_line' id='line_1_8' title="bbox 75 974 1083 1062; baseline 0.001 -21"><span class='ocrx_word' id='word_1_44' title='bbox 75 977 160 1042; x_wconf 87' lang='lat' dir='ltr'><strong>ciam</strong></span> <span class='ocrx_word' id='word_1_45' title='bbox 190 979 319 1059; x_wconf 88' lang='lat' dir='ltr'><strong>partem</strong></span> <span class='ocrx_word' id='word_1_46' title='bbox 346 974 480 1041; x_wconf 79' lang='lat' dir='ltr'><strong>Ciliciae</strong></span> <span class='ocrx_word' id='word_1_47' title='bbox 509 977 600 1041; x_wconf 85' lang='lat' dir='ltr'><strong>iuxta</strong></span> <span class='ocrx_word' id='word_1_48' title='bbox 628 975 880 1062; x_wconf 83' lang='lat' dir='ltr'><strong>Cappadociam,</strong></span> <span class='ocrx_word' id='word_1_49' title='bbox 913 1000 1009 1062; x_wconf 90' lang='lat' dir='ltr'><strong>quam</strong></span> <span class='ocrx_word' id='word_1_50' title='bbox 1037 978 1083 1042; x_wconf 90' lang='lat' dir='ltr'><strong>in·</strong></span> 
     </span>
     <span class='ocr_line' id='line_1_9' title="bbox 75 1062 1118 1152; baseline -0.001 -21"><span class='ocrx_word' id='word_1_51' title='bbox 75 1065 188 1131; x_wconf 89' lang='lat' dir='ltr'><strong>colunt</strong></span> <span class='ocrx_word' id='word_1_52' title='bbox 215 1062 400 1148; x_wconf 87' lang='lat' dir='ltr'><strong>Leucosyri.</strong></span> <span class='ocrx_word' id='word_1_53' title='bbox 445 1063 602 1130; x_wconf 86' lang='lat' dir='ltr'><strong>Datames</strong></span> <span class='ocrx_word' id='word_1_54' title='bbox 630 1066 772 1131; x_wconf 89' lang='lat' dir='ltr'><strong>militare</strong></span> <span class='ocrx_word' id='word_1_55' title='bbox 799 1088 915 1132; x_wconf 90' lang='lat' dir='ltr'><strong>munus</strong></span> <span class='ocrx_word' id='word_1_56' title='bbox 944 1065 1118 1152; x_wconf 75' lang='lat' dir='ltr'><strong>tungensa</strong></span> 
     </span>
     <span class='ocr_line' id='line_1_10' title="bbox 74 1151 1083 1240; baseline 0.003 -24"><span class='ocrx_word' id='word_1_57' title='bbox 74 1153 231 1238; x_wconf 90' lang='lat' dir='ltr'><strong>primum,</strong></span> <span class='ocrx_word' id='word_1_58' title='bbox 254 1151 359 1236; x_wconf 87' lang='lat' dir='ltr'><strong>qualis</strong></span> <span class='ocrx_word' id='word_1_59' title='bbox 383 1156 484 1237; x_wconf 89' lang='lat' dir='ltr'><strong>esset,</strong></span> <span class='ocrx_word' id='word_1_60' title='bbox 511 1153 639 1237; x_wconf 88' lang='lat' dir='ltr'><strong>aperuit</strong></span> <span class='ocrx_word' id='word_1_61' title='bbox 661 1153 696 1218; x_wconf 92' lang='lat' dir='ltr'><strong>in</strong></span> <span class='ocrx_word' id='word_1_62' title='bbox 718 1155 819 1240; x_wconf 94' lang='lat' dir='ltr'><strong>bello,</strong></span> <span class='ocrx_word' id='word_1_63' title='bbox 842 1155 929 1239; x_wconf 92' lang='lat' dir='ltr'><strong>quod</strong></span> <span class='ocrx_word' id='word_1_64' title='bbox 951 1177 1008 1220; x_wconf 90' lang='lat' dir='ltr'><strong>rex</strong></span> <span class='ocrx_word' id='word_1_65' title='bbox 1031 1156 1083 1219; x_wconf 89' lang='lat' dir='ltr'><strong>ad·</strong></span> 
     </span>
     <span class='ocr_line' id='line_1_11' title="bbox 74 1239 1082 1328; baseline 0.002 -22"><span class='ocrx_word' id='word_1_66' title='bbox 74 1262 188 1307; x_wconf 83' lang='lat' dir='ltr'><strong>versus</strong></span> <span class='ocrx_word' id='word_1_67' title='bbox 212 1239 370 1306; x_wconf 87' lang='lat' dir='ltr'><strong>Cadusios</strong></span> <span class='ocrx_word' id='word_1_68' title='bbox 394 1241 506 1326; x_wconf 80' lang='lat' dir='ltr'><strong>gessit</strong></span> <span class='ocrx_word' id='word_1_69' title='bbox 550 1263 690 1325; x_wconf 89' lang='lat' dir='ltr'><strong>namque</strong></span> <span class='ocrx_word' id='word_1_70' title='bbox 717 1242 771 1307; x_wconf 88' lang='lat' dir='ltr'><strong>hic</strong></span> <span class='ocrx_word' id='word_1_71' title='bbox 793 1244 904 1328; x_wconf 89' lang='lat' dir='ltr'><strong>magni</strong></span> <span class='ocrx_word' id='word_1_72' title='bbox 927 1243 991 1308; x_wconf 81' lang='lat' dir='ltr'><strong>fuit</strong></span> <span class='ocrx_word' id='word_1_73' title='bbox 1014 1243 1082 1308; x_wconf 89' lang='lat' dir='ltr'><strong>eius</strong></span> 
     </span>
     <span class='ocr_line' id='line_1_12' title="bbox 76 1328 1083 1414; baseline 0 -18"><span class='ocrx_word' id='word_1_74' title='bbox 76 1351 183 1414; x_wconf 84' lang='lat' dir='ltr'><strong>opera</strong></span> <span class='ocrx_word' id='word_1_75' title='bbox 229 1351 293 1413; x_wconf 93' lang='lat' dir='ltr'><strong>quo</strong></span> <span class='ocrx_word' id='word_1_76' title='bbox 323 1328 447 1395; x_wconf 82' lang='lat' dir='ltr'><strong>factum</strong></span> <span class='ocrx_word' id='word_1_77' title='bbox 474 1332 545 1414; x_wconf 83' lang='lat' dir='ltr'><strong>est,</strong></span> <span class='ocrx_word' id='word_1_78' title='bbox 570 1351 643 1394; x_wconf 89' lang='lat' dir='ltr'><strong>eum</strong></span> <span class='ocrx_word' id='word_1_79' title='bbox 671 1330 706 1394; x_wconf 90' lang='lat' dir='ltr'><strong>in</strong></span> <span class='ocrx_word' id='word_1_80' title='bbox 732 1352 770 1396; x_wconf 94' lang='lat' dir='ltr'><strong>eo</strong></span> <span class='ocrx_word' id='word_1_81' title='bbox 798 1332 884 1396; x_wconf 91' lang='lat' dir='ltr'><strong>bello</strong></span> <span class='ocrx_word' id='word_1_82' title='bbox 913 1331 1083 1396; x_wconf 85' lang='lat' dir='ltr'><strong>cecidisset</strong></span> 
     </span>
     <span class='ocr_line' id='line_1_13' title="bbox 76 1417 940 1502; baseline -0.001 -19"><span class='ocrx_word' id='word_1_83' title='bbox 76 1417 270 1502; x_wconf 86' lang='lat' dir='ltr'><strong>Camisares,</strong></span> <span class='ocrx_word' id='word_1_84' title='bbox 291 1423 328 1482; x_wconf 78' lang='lat' dir='ltr'><strong>ut</strong></span> <span class='ocrx_word' id='word_1_85' title='bbox 348 1421 485 1501; x_wconf 90' lang='lat' dir='ltr'><strong>paterna</strong></span> <span class='ocrx_word' id='word_1_86' title='bbox 508 1418 538 1482; x_wconf 94' lang='lat' dir='ltr'><strong>ei</strong></span> <span class='ocrx_word' id='word_1_87' title='bbox 561 1418 743 1482; x_wconf 88' lang='lat' dir='ltr'><strong>traderetur</strong></span> <span class='ocrx_word' id='word_1_88' title='bbox 765 1419 940 1502; x_wconf 85' lang='lat' dir='ltr'><strong>provincia.</strong></span> 
     </span>
    </p>

    <p class='ocr_par' dir='ltr' id='par_1_4' title="bbox 75 1505 1140 3442">
     <span class='ocr_line' id='line_1_14' title="bbox 118 1505 1123 1593; baseline 0.001 -23"><span class='ocrx_word' id='word_1_89' title='bbox 118 1589 121 1593; x_wconf 6' lang='grc' dir='ltr'><strong><em>ἱ</em></strong></span> <span class='ocrx_word' id='word_1_90' title='bbox 164 1505 243 1570; x_wconf 90' lang='lat' dir='ltr'><strong>Pari</strong></span> <span class='ocrx_word' id='word_1_91' title='bbox 264 1526 300 1571; x_wconf 90' lang='lat' dir='ltr'><strong>se</strong></span> <span class='ocrx_word' id='word_1_92' title='bbox 322 1506 443 1571; x_wconf 79' lang='lat' dir='ltr'><strong>virtute</strong></span> <span class='ocrx_word' id='word_1_93' title='bbox 465 1509 581 1590; x_wconf 89' lang='lat' dir='ltr'><strong>postea</strong></span> <span class='ocrx_word' id='word_1_94' title='bbox 607 1506 771 1591; x_wconf 90' lang='lat' dir='ltr'><strong>praebuit,</strong></span> <span class='ocrx_word' id='word_1_95' title='bbox 801 1528 875 1571; x_wconf 89' lang='lat' dir='ltr'><strong>cum</strong></span> <span class='ocrx_word' id='word_1_96' title='bbox 897 1506 1123 1590; x_wconf 80' lang='lat' dir='ltr'><strong>Autophro2</strong></span> 
     </span>
     <span class='ocr_line' id='line_1_15' title="bbox 75 1593 1084 1680; baseline -0.001 -20"><span class='ocrx_word' id='word_1_97' title='bbox 75 1595 170 1660; x_wconf 85' lang='lat' dir='ltr'><strong>dates</strong></span> <span class='ocrx_word' id='word_1_98' title='bbox 191 1594 283 1659; x_wconf 90' lang='lat' dir='ltr'><strong>iussu</strong></span> <span class='ocrx_word' id='word_1_99' title='bbox 305 1594 392 1680; x_wconf 88' lang='lat' dir='ltr'><strong>regis</strong></span> <span class='ocrx_word' id='word_1_100' title='bbox 415 1594 502 1658; x_wconf 91' lang='lat' dir='ltr'><strong>bello</strong></span> <span class='ocrx_word' id='word_1_101' title='bbox 524 1596 774 1678; x_wconf 79' lang='lat' dir='ltr'><strong>persequeretur</strong></span> <span class='ocrx_word' id='word_1_102' title='bbox 796 1615 851 1658; x_wconf 87' lang='lat' dir='ltr'><strong>eos</strong></span> <span class='ocrx_word' id='word_1_103' title='bbox 880 1594 935 1677; x_wconf 90' lang='lat' dir='ltr'><strong>qui</strong></span> <span class='ocrx_word' id='word_1_104' title='bbox 962 1593 1084 1659; x_wconf 88' lang='lat' dir='ltr'><strong>defece·</strong></span> 
     </span>
     <span class='ocr_line' id='line_1_16' title="bbox 76 1681 1083 1766; baseline -0.002 -18"><span class='ocrx_word' id='word_1_105' title='bbox 76 1687 160 1748; x_wconf 91' lang='lat' dir='ltr'><strong>rant.</strong></span> <span class='ocrx_word' id='word_1_106' title='bbox 205 1703 344 1766; x_wconf 90' lang='lat' dir='ltr'><strong>namque</strong></span> <span class='ocrx_word' id='word_1_107' title='bbox 371 1682 468 1747; x_wconf 88' lang='lat' dir='ltr'><strong>huius</strong></span> <span class='ocrx_word' id='word_1_108' title='bbox 497 1704 595 1766; x_wconf 93' lang='lat' dir='ltr'><strong>opera</strong></span> <span class='ocrx_word' id='word_1_109' title='bbox 623 1681 749 1766; x_wconf 87' lang='lat' dir='ltr'><strong>hostes,</strong></span> <span class='ocrx_word' id='word_1_110' title='bbox 782 1703 855 1746; x_wconf 89' lang='lat' dir='ltr'><strong>cum</strong></span> <span class='ocrx_word' id='word_1_111' title='bbox 883 1685 990 1745; x_wconf 89' lang='lat' dir='ltr'><strong>castra</strong></span> <span class='ocrx_word' id='word_1_112' title='bbox 1017 1682 1083 1746; x_wconf 89' lang='lat' dir='ltr'><strong>iam</strong></span> 
     </span>
     <span class='ocr_line' id='line_1_17' title="bbox 77 1768 1084 1857; baseline -0.001 -21"><span class='ocrx_word' id='word_1_113' title='bbox 77 1772 269 1855; x_wconf 88' lang='lat' dir='ltr'><strong>intrassent,</strong></span> <span class='ocrx_word' id='word_1_114' title='bbox 299 1769 412 1835; x_wconf 88' lang='lat' dir='ltr'><strong>multis</strong></span> <span class='ocrx_word' id='word_1_115' title='bbox 442 1770 574 1836; x_wconf 89' lang='lat' dir='ltr'><strong>milibus</strong></span> <span class='ocrx_word' id='word_1_116' title='bbox 604 1770 770 1857; x_wconf 88' lang='lat' dir='ltr'><strong>regiorum</strong></span> <span class='ocrx_word' id='word_1_117' title='bbox 801 1768 981 1835; x_wconf 87' lang='lat' dir='ltr'><strong>interfectis</strong></span> <span class='ocrx_word' id='word_1_118' title='bbox 1011 1791 1084 1853; x_wconf 95' lang='lat' dir='ltr'><strong>pro-</strong></span> 
     </span>
     <span class='ocr_line' id='line_1_18' title="bbox 76 1857 1140 1946; baseline -0.001 -23"><span class='ocrx_word' id='word_1_119' title='bbox 76 1859 184 1946; x_wconf 85' lang='lat' dir='ltr'><strong>fligati</strong></span> <span class='ocrx_word' id='word_1_120' title='bbox 197 1861 274 1924; x_wconf 85' lang='lat' dir='ltr'><strong>sunt</strong></span> <span class='ocrx_word' id='word_1_121' title='bbox 288 1859 511 1942; x_wconf 86' lang='lat' dir='ltr'><strong>exercitusque</strong></span> <span class='ocrx_word' id='word_1_122' title='bbox 529 1859 672 1943; x_wconf 89' lang='lat' dir='ltr'><strong>reliquus</strong></span> <span class='ocrx_word' id='word_1_123' title='bbox 687 1862 897 1924; x_wconf 86' lang='lat' dir='ltr'><strong>conservatus</strong></span> <span class='ocrx_word' id='word_1_124' title='bbox 911 1857 999 1943; x_wconf 88' lang='lat' dir='ltr'><strong>regis</strong></span> <span class='ocrx_word' id='word_1_125' title='bbox 1018 1862 1082 1923; x_wconf 89' lang='lat' dir='ltr'><strong>est:</strong></span> <span class='ocrx_word' id='word_1_126' title='bbox 1136 1873 1140 1882; x_wconf 88' lang='grc'>’</span> 
     </span>
     <span class='ocr_line' id='line_1_19' title="bbox 77 1946 1119 2033; baseline -0.003 -20"><span class='ocrx_word' id='word_1_127' title='bbox 77 1970 142 2033; x_wconf 90' lang='lat' dir='ltr'><strong>qua</strong></span> <span class='ocrx_word' id='word_1_128' title='bbox 164 1969 204 2012; x_wconf 86' lang='lat' dir='ltr'><strong>ex</strong></span> <span class='ocrx_word' id='word_1_129' title='bbox 226 1969 260 2011; x_wconf 93' lang='lat' dir='ltr'><strong>re</strong></span> <span class='ocrx_word' id='word_1_130' title='bbox 283 1946 461 2012; x_wconf 90' lang='lat' dir='ltr'><strong>maioribus</strong></span> <span class='ocrx_word' id='word_1_131' title='bbox 488 1948 585 2012; x_wconf 88' lang='lat' dir='ltr'><strong>rebus</strong></span> <span class='ocrx_word' id='word_1_132' title='bbox 612 1969 762 2032; x_wconf 89' lang='lat' dir='ltr'><strong>praeesse</strong></span> <span class='ocrx_word' id='word_1_133' title='bbox 789 1948 905 2032; x_wconf 90' lang='lat' dir='ltr'><strong>coepit.</strong></span> <span class='ocrx_word' id='word_1_134' title='bbox 950 1951 1021 2012; x_wconf 88' lang='lat' dir='ltr'><strong>erat</strong></span> <span class='ocrx_word' id='word_1_135' title='bbox 1044 1961 1119 2012; x_wconf 77' lang='lat' dir='ltr'><strong>eoa</strong></span> 
     </span>
     <span class='ocr_line' id='line_1_20' title="bbox 76 2034 1083 2122; baseline -0.001 -22"><span class='ocrx_word' id='word_1_136' title='bbox 76 2040 224 2119; x_wconf 88' lang='lat' dir='ltr'><strong>tempore</strong></span> <span class='ocrx_word' id='word_1_137' title='bbox 238 2034 349 2119; x_wconf 83' lang='lat' dir='ltr'><strong>Thuys</strong></span> <span class='ocrx_word' id='word_1_138' title='bbox 363 2034 517 2118; x_wconf 88' lang='lat' dir='ltr'><strong>dynastes</strong></span> <span class='ocrx_word' id='word_1_139' title='bbox 531 2035 783 2122; x_wconf 82' lang='lat' dir='ltr'><strong>Paphlagoniae,</strong></span> <span class='ocrx_word' id='word_1_140' title='bbox 802 2037 937 2120; x_wconf 88' lang='lat' dir='ltr'><strong>antiquo</strong></span> <span class='ocrx_word' id='word_1_141' title='bbox 956 2056 1083 2120; x_wconf 90' lang='lat' dir='ltr'><strong>genere,</strong></span> 
     </span>
     <span class='ocr_line' id='line_1_21' title="bbox 77 2122 1082 2208; baseline -0.002 -19"><span class='ocrx_word' id='word_1_142' title='bbox 77 2128 170 2189; x_wconf 89' lang='lat' dir='ltr'><strong>ortus</strong></span> <span class='ocrx_word' id='word_1_143' title='bbox 193 2145 213 2188; x_wconf 83' lang='lat' dir='ltr'><strong>a</strong></span> <span class='ocrx_word' id='word_1_144' title='bbox 234 2122 428 2207; x_wconf 90' lang='lat' dir='ltr'><strong>Pylaemene</strong></span> <span class='ocrx_word' id='word_1_145' title='bbox 451 2123 523 2208; x_wconf 95' lang='lat' dir='ltr'><strong>illo,</strong></span> <span class='ocrx_word' id='word_1_146' title='bbox 552 2145 648 2207; x_wconf 90' lang='lat' dir='ltr'><strong>quem</strong></span> <span class='ocrx_word' id='word_1_147' title='bbox 671 2124 833 2189; x_wconf 88' lang='lat' dir='ltr'><strong>Homerus</strong></span> <span class='ocrx_word' id='word_1_148' title='bbox 856 2124 972 2189; x_wconf 88' lang='lat' dir='ltr'><strong>Troico</strong></span> <span class='ocrx_word' id='word_1_149' title='bbox 995 2124 1082 2190; x_wconf 91' lang='lat' dir='ltr'><strong>bello</strong></span> 
     </span>
     <span class='ocr_line' id='line_1_22' title="bbox 77 2210 1118 2297; baseline -0.003 -20"><span class='ocrx_word' id='word_1_150' title='bbox 77 2211 268 2277; x_wconf 85' lang='lat' dir='ltr'><strong>aPatroelo</strong></span> <span class='ocrx_word' id='word_1_151' title='bbox 291 2210 500 2277; x_wconf 80' lang='lat' dir='ltr'><strong>interfectum</strong></span> <span class='ocrx_word' id='word_1_152' title='bbox 518 2211 573 2276; x_wconf 87' lang='lat' dir='ltr'><strong>ait.</strong></span> <span class='ocrx_word' id='word_1_153' title='bbox 610 2212 638 2276; x_wconf 91' lang='lat' dir='ltr'><strong>is</strong></span> <span class='ocrx_word' id='word_1_154' title='bbox 661 2213 732 2297; x_wconf 89' lang='lat' dir='ltr'><strong>regi</strong></span> <span class='ocrx_word' id='word_1_155' title='bbox 755 2213 842 2277; x_wconf 90' lang='lat' dir='ltr'><strong>dicto</strong></span> <span class='ocrx_word' id='word_1_156' title='bbox 866 2212 999 2277; x_wconf 89' lang='lat' dir='ltr'><strong>audiens</strong></span> <span class='ocrx_word' id='word_1_157' title='bbox 1017 2225 1118 2277; x_wconf 74' lang='lat' dir='ltr'><strong>nona</strong></span> 
     </span>
     <span class='ocr_line' id='line_1_23' title="bbox 77 2299 1084 2383; baseline -0.001 -18"><span class='ocrx_word' id='word_1_158' title='bbox 77 2304 156 2366; x_wconf 89' lang='lat' dir='ltr'><strong>erat.</strong></span> <span class='ocrx_word' id='word_1_159' title='bbox 192 2321 290 2383; x_wconf 92' lang='lat' dir='ltr'><strong>quam</strong></span> <span class='ocrx_word' id='word_1_160' title='bbox 313 2299 355 2364; x_wconf 92' lang='lat' dir='ltr'><strong>ob</strong></span> <span class='ocrx_word' id='word_1_161' title='bbox 378 2321 510 2364; x_wconf 88' lang='lat' dir='ltr'><strong>eausam</strong></span> <span class='ocrx_word' id='word_1_162' title='bbox 532 2300 618 2363; x_wconf 91' lang='lat' dir='ltr'><strong>bello</strong></span> <span class='ocrx_word' id='word_1_163' title='bbox 642 2321 716 2364; x_wconf 90' lang='lat' dir='ltr'><strong>eum</strong></span> <span class='ocrx_word' id='word_1_164' title='bbox 737 2301 887 2383; x_wconf 87' lang='lat' dir='ltr'><strong>persequi</strong></span> <span class='ocrx_word' id='word_1_165' title='bbox 911 2300 1084 2364; x_wconf 90' lang='lat' dir='ltr'><strong>constituit</strong></span> 
     </span>
     <span class='ocr_line' id='line_1_24' title="bbox 76 2386 1083 2472; baseline -0.003 -18"><span class='ocrx_word' id='word_1_166' title='bbox 76 2389 171 2472; x_wconf 91' lang='lat' dir='ltr'><strong>eique</strong></span> <span class='ocrx_word' id='word_1_167' title='bbox 189 2388 237 2452; x_wconf 88' lang='lat' dir='ltr'><strong>rei</strong></span> <span class='ocrx_word' id='word_1_168' title='bbox 255 2386 412 2472; x_wconf 88' lang='lat' dir='ltr'><strong>praefecit</strong></span> <span class='ocrx_word' id='word_1_169' title='bbox 425 2386 596 2472; x_wconf 88' lang='lat' dir='ltr'><strong>Datamen,</strong></span> <span class='ocrx_word' id='word_1_170' title='bbox 614 2387 832 2471; x_wconf 87' lang='lat' dir='ltr'><strong>propinquum</strong></span> <span class='ocrx_word' id='word_1_171' title='bbox 845 2386 1083 2470; x_wconf 79' lang='lat' dir='ltr'><strong>Paphlagonisr</strong></span> 
     </span>
     <span class='ocr_line' id='line_1_25' title="bbox 76 2474 1084 2560; baseline -0.004 -17"><span class='ocrx_word' id='word_1_172' title='bbox 76 2497 217 2560; x_wconf 88' lang='lat' dir='ltr'><strong>namque</strong></span> <span class='ocrx_word' id='word_1_173' title='bbox 240 2497 280 2541; x_wconf 87' lang='lat' dir='ltr'><strong>ex</strong></span> <span class='ocrx_word' id='word_1_174' title='bbox 302 2475 403 2540; x_wconf 85' lang='lat' dir='ltr'><strong>fratre</strong></span> <span class='ocrx_word' id='word_1_175' title='bbox 427 2479 460 2539; x_wconf 88' lang='lat' dir='ltr'><strong>et</strong></span> <span class='ocrx_word' id='word_1_176' title='bbox 478 2497 588 2541; x_wconf 90' lang='lat' dir='ltr'><strong>sorore</strong></span> <span class='ocrx_word' id='word_1_177' title='bbox 607 2478 700 2539; x_wconf 89' lang='lat' dir='ltr'><strong>erant</strong></span> <span class='ocrx_word' id='word_1_178' title='bbox 717 2474 796 2539; x_wconf 86' lang='lat' dir='ltr'><strong>nati.</strong></span> <span class='ocrx_word' id='word_1_179' title='bbox 833 2495 932 2558; x_wconf 87' lang='lat' dir='ltr'><strong>quarn</strong></span> <span class='ocrx_word' id='word_1_180' title='bbox 950 2474 992 2537; x_wconf 95' lang='lat' dir='ltr'><strong>ob</strong></span> <span class='ocrx_word' id='word_1_181' title='bbox 1012 2495 1084 2539; x_wconf 92' lang='lat' dir='ltr'><strong>cau·</strong></span> 
     </span>
     <span class='ocr_line' id='line_1_26' title="bbox 77 2562 1083 2648; baseline -0.005 -17"><span class='ocrx_word' id='word_1_182' title='bbox 77 2588 147 2631; x_wconf 92' lang='lat' dir='ltr'><strong>sam</strong></span> <span class='ocrx_word' id='word_1_183' title='bbox 170 2563 327 2629; x_wconf 84' lang='lat' dir='ltr'><strong>Datames</strong></span> <span class='ocrx_word' id='word_1_184' title='bbox 349 2564 492 2648; x_wconf 91' lang='lat' dir='ltr'><strong>primum</strong></span> <span class='ocrx_word' id='word_1_185' title='bbox 515 2563 653 2648; x_wconf 89' lang='lat' dir='ltr'><strong>experiri</strong></span> <span class='ocrx_word' id='word_1_186' title='bbox 680 2564 797 2648; x_wconf 84' lang='lat' dir='ltr'><strong>voluit,</strong></span> <span class='ocrx_word' id='word_1_187' title='bbox 826 2567 864 2627; x_wconf 90' lang='lat' dir='ltr'><strong>ut</strong></span> <span class='ocrx_word' id='word_1_188' title='bbox 891 2562 960 2626; x_wconf 91' lang='lat' dir='ltr'><strong>sine</strong></span> <span class='ocrx_word' id='word_1_189' title='bbox 984 2562 1083 2626; x_wconf 90' lang='lat' dir='ltr'><strong>armis</strong></span> 
     </span>
     <span class='ocr_line' id='line_1_27' title="bbox 75 2651 1085 2738; baseline -0.005 -19"><span class='ocrx_word' id='word_1_190' title='bbox 75 2652 295 2738; x_wconf 88' lang='lat' dir='ltr'><strong>propinquum</strong></span> <span class='ocrx_word' id='word_1_191' title='bbox 318 2651 359 2717; x_wconf 86' lang='lat' dir='ltr'><strong>ad</strong></span> <span class='ocrx_word' id='word_1_192' title='bbox 382 2652 525 2717; x_wconf 85' lang='lat' dir='ltr'><strong>officium</strong></span> <span class='ocrx_word' id='word_1_193' title='bbox 548 2653 723 2718; x_wconf 88' lang='lat' dir='ltr'><strong>reduceret.</strong></span> <span class='ocrx_word' id='word_1_194' title='bbox 759 2652 800 2716; x_wconf 91' lang='lat' dir='ltr'><strong>ad</strong></span> <span class='ocrx_word' id='word_1_195' title='bbox 823 2673 919 2735; x_wconf 90' lang='lat' dir='ltr'><strong>quem</strong></span> <span class='ocrx_word' id='word_1_196' title='bbox 941 2672 1015 2715; x_wconf 91' lang='lat' dir='ltr'><strong>cum</strong></span> <span class='ocrx_word' id='word_1_197' title='bbox 1033 2672 1085 2715; x_wconf 77' lang='lat' dir='ltr'><strong>ve</strong></span> 
     </span>
     <span class='ocr_line' id='line_1_28' title="bbox 76 2740 1084 2824; baseline -0.002 -18"><span class='ocrx_word' id='word_1_198' title='bbox 76 2743 180 2806; x_wconf 89' lang='lat' dir='ltr'><strong>nisset</strong></span> <span class='ocrx_word' id='word_1_199' title='bbox 203 2741 272 2805; x_wconf 93' lang='lat' dir='ltr'><strong>sine</strong></span> <span class='ocrx_word' id='word_1_200' title='bbox 294 2741 466 2824; x_wconf 88' lang='lat' dir='ltr'><strong>praesidio,</strong></span> <span class='ocrx_word' id='word_1_201' title='bbox 490 2742 576 2824; x_wconf 91' lang='lat' dir='ltr'><strong>quod</strong></span> <span class='ocrx_word' id='word_1_202' title='bbox 598 2741 639 2805; x_wconf 92' lang='lat' dir='ltr'><strong>ab</strong></span> <span class='ocrx_word' id='word_1_203' title='bbox 663 2740 767 2806; x_wconf 90' lang='lat' dir='ltr'><strong>amico</strong></span> <span class='ocrx_word' id='word_1_204' title='bbox 789 2740 895 2805; x_wconf 89' lang='lat' dir='ltr'><strong>nullas</strong></span> <span class='ocrx_word' id='word_1_205' title='bbox 919 2742 1084 2805; x_wconf 82' lang='lat' dir='ltr'><strong>vereretur</strong></span> 
     </span>
     <span class='ocr_line' id='line_1_29' title="bbox 75 2828 1084 2913; baseline -0.003 -18"><span class='ocrx_word' id='word_1_206' title='bbox 75 2829 225 2913; x_wconf 86' lang='lat' dir='ltr'><strong>insidias,</strong></span> <span class='ocrx_word' id='word_1_207' title='bbox 247 2850 350 2913; x_wconf 88' lang='lat' dir='ltr'><strong>paene</strong></span> <span class='ocrx_word' id='word_1_208' title='bbox 372 2828 511 2892; x_wconf 84' lang='lat' dir='ltr'><strong>interiit:</strong></span> <span class='ocrx_word' id='word_1_209' title='bbox 547 2851 624 2894; x_wconf 85' lang='lat' dir='ltr'><strong>narn</strong></span> <span class='ocrx_word' id='word_1_210' title='bbox 647 2829 758 2913; x_wconf 88' lang='lat' dir='ltr'><strong>Thuys</strong></span> <span class='ocrx_word' id='word_1_211' title='bbox 781 2851 856 2895; x_wconf 90' lang='lat' dir='ltr'><strong>eum</strong></span> <span class='ocrx_word' id='word_1_212' title='bbox 878 2829 964 2894; x_wconf 91' lang='lat' dir='ltr'><strong>clam</strong></span> <span class='ocrx_word' id='word_1_213' title='bbox 986 2828 1084 2893; x_wconf 89' lang='lat' dir='ltr'><strong>inter-</strong></span> 
     </span>
     <span class='ocr_line' id='line_1_30' title="bbox 75 2916 1120 3003; baseline -0.001 -21"><span class='ocrx_word' id='word_1_214' title='bbox 75 2918 171 2983; x_wconf 88' lang='lat' dir='ltr'><strong>ficere</strong></span> <span class='ocrx_word' id='word_1_215' title='bbox 194 2917 308 2983; x_wconf 80' lang='lat' dir='ltr'><strong>voluit.</strong></span> <span class='ocrx_word' id='word_1_216' title='bbox 342 2919 412 2982; x_wconf 89' lang='lat' dir='ltr'><strong>erat</strong></span> <span class='ocrx_word' id='word_1_217' title='bbox 435 2920 540 2982; x_wconf 89' lang='lat' dir='ltr'><strong>mater</strong></span> <span class='ocrx_word' id='word_1_218' title='bbox 562 2939 637 2982; x_wconf 91' lang='lat' dir='ltr'><strong>cum</strong></span> <span class='ocrx_word' id='word_1_219' title='bbox 653 2916 804 3003; x_wconf 91' lang='lat' dir='ltr'><strong>Datame,</strong></span> <span class='ocrx_word' id='word_1_220' title='bbox 827 2918 928 2982; x_wconf 86' lang='lat' dir='ltr'><strong>amita</strong></span> <span class='ocrx_word' id='word_1_221' title='bbox 946 2917 1120 3001; x_wconf 78' lang='lat' dir='ltr'><strong>Paphla-4</strong></span> 
     </span>
     <span class='ocr_line' id='line_1_31' title="bbox 76 3005 1120 3092; baseline -0.003 -21"><span class='ocrx_word' id='word_1_222' title='bbox 76 3006 181 3092; x_wconf 87' lang='lat' dir='ltr'><strong>genis.</strong></span> <span class='ocrx_word' id='word_1_223' title='bbox 215 3027 253 3071; x_wconf 91' lang='lat' dir='ltr'><strong>ea</strong></span> <span class='ocrx_word' id='word_1_224' title='bbox 272 3005 349 3089; x_wconf 90' lang='lat' dir='ltr'><strong>quid</strong></span> <span class='ocrx_word' id='word_1_225' title='bbox 368 3008 519 3090; x_wconf 84' lang='lat' dir='ltr'><strong>ageretur</strong></span> <span class='ocrx_word' id='word_1_226' title='bbox 536 3007 648 3070; x_wconf 88' lang='lat' dir='ltr'><strong>resciit</strong></span> <span class='ocrx_word' id='word_1_227' title='bbox 670 3006 837 3090; x_wconf 89' lang='lat' dir='ltr'><strong>filiumque</strong></span> <span class='ocrx_word' id='word_1_228' title='bbox 861 3005 996 3070; x_wconf 91' lang='lat' dir='ltr'><strong>monuit.</strong></span> <span class='ocrx_word' id='word_1_229' title='bbox 1028 3005 1120 3069; x_wconf 79' lang='lat' dir='ltr'><strong>illes</strong></span> 
     </span>
     <span class='ocr_line' id='line_1_32' title="bbox 75 3093 1085 3180; baseline -0.003 -22"><span class='ocrx_word' id='word_1_230' title='bbox 75 3093 155 3180; x_wconf 83' lang='lat' dir='ltr'><strong>fuga</strong></span> <span class='ocrx_word' id='word_1_231' title='bbox 176 3094 357 3178; x_wconf 89' lang='lat' dir='ltr'><strong>perieulum</strong></span> <span class='ocrx_word' id='word_1_232' title='bbox 380 3093 515 3157; x_wconf 81' lang='lat' dir='ltr'><strong>evitavit</strong></span> <span class='ocrx_word' id='word_1_233' title='bbox 537 3094 722 3177; x_wconf 90' lang='lat' dir='ltr'><strong>bellumque</strong></span> <span class='ocrx_word' id='word_1_234' title='bbox 741 3094 858 3158; x_wconf 83' lang='lat' dir='ltr'><strong>indixit</strong></span> <span class='ocrx_word' id='word_1_235' title='bbox 875 3093 1013 3175; x_wconf 86' lang='lat' dir='ltr'><strong>Thuyni.</strong></span> <span class='ocrx_word' id='word_1_236' title='bbox 1049 3093 1085 3155; x_wconf 88' lang='lat' dir='ltr'><strong>in</strong></span> 
     </span>
     <span class='ocr_line' id='line_1_33' title="bbox 76 3178 1084 3267; baseline -0.006 -19"><span class='ocrx_word' id='word_1_237' title='bbox 76 3204 140 3266; x_wconf 90' lang='lat' dir='ltr'><strong>quo</strong></span> <span class='ocrx_word' id='word_1_238' title='bbox 165 3204 240 3248; x_wconf 88' lang='lat' dir='ltr'><strong>curn</strong></span> <span class='ocrx_word' id='word_1_239' title='bbox 263 3183 303 3246; x_wconf 93' lang='lat' dir='ltr'><strong>ab</strong></span> <span class='ocrx_word' id='word_1_240' title='bbox 327 3181 561 3267; x_wconf 82' lang='lat' dir='ltr'><strong>Ariobarzane,</strong></span> <span class='ocrx_word' id='word_1_241' title='bbox 583 3182 748 3266; x_wconf 88' lang='lat' dir='ltr'><strong>praefecto</strong></span> <span class='ocrx_word' id='word_1_242' title='bbox 771 3181 892 3267; x_wconf 89' lang='lat' dir='ltr'><strong>Lydiae</strong></span> <span class='ocrx_word' id='word_1_243' title='bbox 916 3184 950 3243; x_wconf 90' lang='lat' dir='ltr'><strong>et</strong></span> <span class='ocrx_word' id='word_1_244' title='bbox 972 3178 1084 3243; x_wconf 87' lang='lat' dir='ltr'><strong>Ioniae</strong></span> 
     </span>
     <span class='ocr_line' id='line_1_34' title="bbox 76 3267 1084 3355; baseline -0.004 -22"><span class='ocrx_word' id='word_1_245' title='bbox 76 3271 243 3354; x_wconf 87' lang='lat' dir='ltr'><strong>totiusque</strong></span> <span class='ocrx_word' id='word_1_246' title='bbox 257 3269 429 3355; x_wconf 85' lang='lat' dir='ltr'><strong>Phrygiae,</strong></span> <span class='ocrx_word' id='word_1_247' title='bbox 452 3270 599 3335; x_wconf 88' lang='lat' dir='ltr'><strong>desertus</strong></span> <span class='ocrx_word' id='word_1_248' title='bbox 623 3274 718 3355; x_wconf 88' lang='lat' dir='ltr'><strong>esset,</strong></span> <span class='ocrx_word' id='word_1_249' title='bbox 740 3269 844 3334; x_wconf 89' lang='lat' dir='ltr'><strong>nihilo</strong></span> <span class='ocrx_word' id='word_1_250' title='bbox 863 3267 995 3351; x_wconf 87' lang='lat' dir='ltr'><strong>segnius</strong></span> <span class='ocrx_word' id='word_1_251' title='bbox 1013 3288 1084 3349; x_wconf 89' lang='lat' dir='ltr'><strong>per-</strong></span> 
     </span>
     <span class='ocr_line' id='line_1_35' title="bbox 76 3353 1083 3442; baseline -0.006 -20"><span class='ocrx_word' id='word_1_252' title='bbox 76 3359 238 3424; x_wconf 81' lang='lat' dir='ltr'><strong>severarit</strong></span> <span class='ocrx_word' id='word_1_253' title='bbox 255 3358 427 3441; x_wconf 83' lang='lat' dir='ltr'><strong>vivumque</strong></span> <span class='ocrx_word' id='word_1_254' title='bbox 446 3357 563 3442; x_wconf 92' lang='lat' dir='ltr'><strong>Thuyn</strong></span> <span class='ocrx_word' id='word_1_255' title='bbox 581 3359 668 3441; x_wconf 89' lang='lat' dir='ltr'><strong>cepit</strong></span> <span class='ocrx_word' id='word_1_256' title='bbox 692 3380 765 3423; x_wconf 91' lang='lat' dir='ltr'><strong>cum</strong></span> <span class='ocrx_word' id='word_1_257' title='bbox 787 3377 886 3420; x_wconf 86' lang='lat' dir='ltr'><strong>uxore</strong></span> <span class='ocrx_word' id='word_1_258' title='bbox 910 3358 944 3419; x_wconf 89' lang='lat' dir='ltr'><strong>et</strong></span> <span class='ocrx_word' id='word_1_259' title='bbox 961 3353 1083 3417; x_wconf 90' lang='lat' dir='ltr'><strong>liberis.</strong></span> 
     </span>
    </p>

    <p class='ocr_par' dir='ltr' id='par_1_5' title="bbox 77 3441 1124 3620">
     <span class='ocr_line' id='line_1_36' title="bbox 165 3441 1124 3529; baseline -0.005 -17"><span class='ocrx_word' id='word_1_260' title='bbox 165 3445 265 3512; x_wconf 90' lang='lat' dir='ltr'><strong>Cuius</strong></span> <span class='ocrx_word' id='word_1_261' title='bbox 293 3445 373 3511; x_wconf 81' lang='lat' dir='ltr'><strong>facti</strong></span> <span class='ocrx_word' id='word_1_262' title='bbox 399 3468 440 3511; x_wconf 92' lang='lat' dir='ltr'><strong>ne</strong></span> <span class='ocrx_word' id='word_1_263' title='bbox 467 3447 557 3529; x_wconf 91' lang='lat' dir='ltr'><strong>prius</strong></span> <span class='ocrx_word' id='word_1_264' title='bbox 584 3445 672 3510; x_wconf 90' lang='lat' dir='ltr'><strong>fama</strong></span> <span class='ocrx_word' id='word_1_265' title='bbox 695 3447 736 3510; x_wconf 93' lang='lat' dir='ltr'><strong>ad</strong></span> <span class='ocrx_word' id='word_1_266' title='bbox 757 3463 869 3528; x_wconf 91' lang='lat' dir='ltr'><strong>regem</strong></span> <span class='ocrx_word' id='word_1_267' title='bbox 892 3463 991 3525; x_wconf 89' lang='lat' dir='ltr'><strong>quam</strong></span> <span class='ocrx_word' id='word_1_268' title='bbox 1013 3441 1124 3525; x_wconf 86' lang='lat' dir='ltr'><strong>ipse3</strong></span> 
     </span>
     <span class='ocr_line' id='line_1_37' title="bbox 77 3529 1116 3620; baseline -0.014 -21"><span class='ocrx_word' id='word_1_269' title='bbox 77 3535 272 3619; x_wconf 84' lang='lat' dir='ltr'><strong>perveniret,</strong></span> <span class='ocrx_word' id='word_1_270' title='bbox 296 3535 385 3599; x_wconf 90' lang='lat' dir='ltr'><strong>dedit</strong></span> <span class='ocrx_word' id='word_1_271' title='bbox 408 3556 549 3620; x_wconf 87' lang='lat' dir='ltr'><strong>operam.</strong></span> <span class='ocrx_word' id='word_1_272' title='bbox 593 3535 709 3620; x_wconf 87' lang='lat' dir='ltr'><strong>itaque</strong></span> <span class='ocrx_word' id='word_1_273' title='bbox 732 3531 890 3598; x_wconf 73' lang='lat' dir='ltr'><strong>omuibus</strong></span> <span class='ocrx_word' id='word_1_274' title='bbox 905 3529 1033 3592; x_wconf 63' lang='lat' dir='ltr'><strong>inediis</strong></span> <span class='ocrx_word' id='word_1_275' title='bbox 1054 3546 1116 3600; x_wconf 68' lang='lat' dir='ltr'><strong>es,</strong></span> 
     </span>
    </p>

    <p class='ocr_par' dir='ltr' id='par_1_6' title="bbox 124 3634 969 3691">
     <span class='ocr_line' id='line_1_38' title="bbox 124 3634 969 3691; baseline 0.004 -4"><span class='ocrx_word' id='word_1_276' title='bbox 124 3646 362 3691; x_wconf 67' lang='lat' dir='ltr'><strong>dormiremus.</strong></span> <span class='ocrx_word' id='word_1_277' title='bbox 945 3634 969 3682; x_wconf 57' lang='grc' dir='ltr'><strong>ὁι</strong></span> 
     </span>
    </p>
   </div>
   <div class='ocr_carea' id='block_1_4' title="bbox 0 0 1208 3922">
    <p class='ocr_par' dir='ltr' id='par_1_7' title="bbox 0 0 1208 3922">
     <span class='ocr_line' id='line_1_39' title="bbox 0 0 1208 3922; baseline 0 0"><span class='ocrx_word' id='word_1_278' title='bbox 0 0 1208 3922; x_wconf 95' lang='lat' dir='ltr'><strong> </strong></span> 
     </span>
    </p>
   </div>
  </div>
 </body>
</html>
