2400 3922
368 211 440 268 XVI.
460 211 667 269 PELOPIDAS.
697 219 773 270 1-a.
1033 216 1076 282 63

66 357 153 441 quod
177 356 337 440 susceptis
356 355 538 422 inimicitiis
557 358 660 423 satius
679 358 840 425 ducebant
860 380 914 425 eos
934 361 1076 426 obsideri

66 466 165 528 quam
187 444 328 509 liberari.
362 466 439 510 nam
456 449 534 529 post
547 439 820 531 Peloponnesium
838 449 962 515 bellum
975 449 1075 514 Athe

64 554 189 618 nasque
217 533 360 598 devictas
388 555 461 598 cum
488 532 652 599 Thebanis
681 535 744 600 sibi
771 557 840 601 rem
868 558 938 602 esse
967 538 1075 602 existi·

64 621 200 687 mabant
232 625 266 686 et
293 643 348 687 eos
381 642 451 686 esse
484 623 586 707 solos,
618 623 674 707 qui
706 624 859 692 adversus
892 647 927 690 se
959 625 1074 691 sistere

65 710 229 775 auderent.
274 709 335 775 hac
359 713 467 774 mente
490 710 604 776 amicis
628 712 695 776 suis
719 734 862 778 summas
891 717 1073 797 potestates
1092 732 1110 780 s

65 798 219 864 dederant
242 798 441 882 alteriusque
464 798 616 864 factionis
639 800 802 886 principes
825 801 947 886 partim
976 802 1074 867 inter-

64 886 222 971 fecerant,
245 887 327 952 alios
354 887 389 952 in
417 887 549 952 exilium
576 888 751 953 eiecerant:
783 890 818 954 in
841 890 959 974 quibus
982 889 1074 955 Pelo

63 975 160 1128 pidals)
177 975 240 1059 hic,
262 976 300 1039 de
320 996 384 1059 quo
404 975 545 1040 scribere
563 977 671 1041 exorsi
690 999 810 1062 sumus,
833 978 947 1062 pulsus
966 978 1073 1062 patria

64 1085 137 1127 care
162 1067 205 1128 at.

153 1150 197 1215 Hi
221 1151 423 1252 omnesufere
445 1151 593 1217 Athenas
617 1174 651 1217 se
675 1154 896 1255 contulerant,
918 1175 984 1219 non
1008 1163 1113 1238 qu02

62 1239 770 1413 ttllttdtrtlt’addatttdss
788 1242 1107 1404 tttldtt,

63 1438 126 1500 que
143 1438 217 1481 cum
231 1419 360 1498 tempus
375 1419 462 1479 esset
474 1415 581 1480 visum
599 1416 647 1479 rei
666 1416 832 1501 gerendae,
856 1419 1072 1483 communiter

62 1527 138 1571 cum
161 1505 211 1586 iis,
235 1503 291 1586 qui
309 1502 429 1567 Thebis
453 1502 539 1567 idem
558 1502 751 1587 sentiebant,
774 1504 860 1568 diem
882 1506 1071 1591 delegerunt

61 1593 102 1658 ad
116 1591 268 1657 inimicos
284 1590 511 1675 opprimendos
527 1590 757 1675 civitatemque
770 1591 971 1656 liberandam
988 1615 1071 1677 eum,

61 1703 128 1765 quo
166 1679 299 1743 maximi
335 1679 548 1764 magistratus
580 1679 678 1744 simul
711 1683 905 1744 consuerant
937 1679 1071 1763 epulari.

61 1767 929 1940 ttssltdttJttthitlttdttdtl
949 1771 1105 1921 etth

62 1966 141 2030 opes
173 1948 250 2009 sunt
280 1943 482 2029 profligatae.
525 1965 603 2009 nam
634 1944 803 2010 duodecim
836 1944 1070 2010 adulescentuli

62 2034 210 2099 coierunt
233 2053 271 2096 ex
294 2031 344 2116 iis,
368 2033 424 2115 qui
447 2032 544 2096 exilio
568 2036 661 2097 erant
679 2033 821 2118 multati,
844 2055 918 2099 cum
938 2033 1069 2098 omnino

60 2143 128 2188 non
160 2124 268 2186 essent
300 2120 439 2204 amplius
473 2123 615 2203 centum,
648 2121 704 2204 qui
732 2124 825 2185 tanto
854 2144 887 2186 se
916 2121 1070 2187 offerrent

60 2209 214 2296 periculo.
250 2217 315 2292 qua
328 2209 493 2292 paucitate
511 2207 660 2290 perculsa
674 2212 725 2272 est
738 2207 1069 2287 Lacedaemoniorum

60 2296 218 2384 potentia.
263 2297 287 2360 ii
315 2296 401 2361 enim
427 2317 494 2360 non
523 2295 629 2380 magis
652 2295 911 2361 adversariorum
933 2296 1104 2376 factioni4

62 2408 160 2473 quam
188 2383 359 2469 Spartanis
387 2406 425 2450 eo
453 2388 600 2467 tempore
630 2382 754 2447 bellum
785 2383 980 2468 intulenmt,
1012 2385 1069 2467 qui

60 2475 223 2561 principes
247 2476 340 2539 erant
363 2472 466 2537 totius
490 2469 658 2537 Graeciae:
686 2491 825 2554 quorum
852 2471 980 2555 imperii
1004 2493 1068 2535 ma·

61 2564 171 2647 icstas,
193 2582 298 2646 neque
321 2562 369 2626 ita
391 2561 496 2627 multo
519 2563 606 2644 post,
628 2557 800 2624 Leuctrica
817 2580 927 2645 pugna
946 2560 987 2624 ab
1006 2557 1068 2624 hoc

60 2651 156 2717 initio
178 2651 329 2735 perculsa
351 2648 500 2716 concidit.
533 2648 582 2713 illi
604 2647 707 2734 igitur
729 2647 907 2732 duodecim,
930 2669 1103 2731 quorum5

60 2742 125 2806 dux
148 2743 219 2804 erat
237 2738 418 2824 Pelopidas,
442 2739 544 2819 [cum]
564 2736 703 2801 Athenis
721 2736 864 2801 interdiu
889 2736 1069 2821 [exissent],

60 2833 98 2894 ut
120 2831 365 2911 vesperascente
385 2827 473 2892 caelo
489 2825 617 2892 Thebas
640 2829 776 2909 possent
796 2825 974 2911 pervenire,
995 2847 1069 2890 cum

61 2915 196 2982 canibus
205 2916 362 2982 venaticis
372 2916 529 2998 exierunt,
543 2914 626 2979 retia
639 2913 790 2998 ferentes,
804 2914 927 2980 vestitu
936 2915 1069 3002 agresti,

60 3026 125 3090 quo
154 3005 278 3070 minore
306 3004 488 3089 suspicione
516 3002 660 3069 facerent
686 3003 758 3068 iter.
805 3003 861 3087 qui
889 3025 962 3068 cum
990 3008 1068 3068 tem-

58 3115 139 3179 pore
161 3093 243 3179 ipso,
266 3114 330 3177 quo
354 3091 555 3175 studuerant,
576 3090 809 3176 pervenissent,
832 3091 964 3156 domum
987 3090 1068 3155 (lha-

58 3182 149 3248 ronis
172 3182 389 3265 deverterunt,
413 3201 432 3244 a
451 3201 515 3264 quo
534 3183 568 3243 et
586 3182 715 3262 tempus
735 3183 768 3244 et
786 3178 854 3243 dies
873 3183 944 3242 erat
962 3178 1067 3241 datus.

148 3268 221 3336 Hoc
244 3271 316 3335 loco
340 3269 423 3333 libet
445 3268 661 3352 interponere,
684 3267 747 3332 etsi
771 3267 954 3331 seiunctum
973 3265 1014 3329 ab
1032 3285 1067 3328 re
1085 3281 1106 3344 3

57 3358 228 3444 proposita
252 3362 311 3443 est,
333 3357 435 3423 nimia
457 3355 575 3421 fiducia
599 3359 739 3440 quantae
764 3353 944 3419 calamitati
963 3352 1068 3416 soleat

57 3469 138 3513 esse.
172 3469 249 3512 nam
268 3447 521 3534 magistratuum
534 3442 762 3508 Thebanorum
782 3439 896 3506 statim
914 3441 955 3506 ad
973 3461 1067 3505 aures

55 3536 207 3620 pervenit
230 3536 340 3601 exules
363 3535 398 3600 in
420 3533 535 3600 urbem
553 3531 692 3600 venisse.
723 3530 765 3596 id
780 3528 839 3593 illi
855 3527 940 3591 aino
960 3528 1085 3605 suffixae
