2400 3922
109 220 151 284 28
416 215 476 272 VII.
497 212 722 270 ALCIBIADES.
752 219 776 270 7.
795 220 820 269 8.

108 363 241 448 publiea
264 361 352 426 domi
373 359 516 444 bellique
538 358 641 423 tradit
626 361 669 442 ta,
691 362 729 423 ut
751 357 847 423 unius
871 357 1008 422 arbitrio
1032 377 1120 444 gere

109 455 213 533 retur,
236 449 361 534 et1pse
384 452 460 532 post
445 447 584 513 tulasset
606 450 645 511 ut
667 445 730 511 duo
754 446 818 510 sibi
840 446 986 531 collegae
1009 445 1120 512 daren-

110 543 178 623 t,ur
204 501 433 638 Thrasybulus
466 540 500 600 et
526 534 683 600 Adimant
668 537 736 619 tus,
766 555 871 618 neque
903 534 937 598 id
962 538 1120 620 negatum

110 631 210 711 esset,
238 625 378 691 classe
368 646 404 689 m
425 623 540 688 Asiam
566 621 693 706 profect
693 644 746 708 us,
773 621 860 705 quod
887 622 973 706 apud
996 620 1119 706 Oymen

110 716 217 780 minus
241 736 281 779 ex
296 711 465 778 sententia
486 733 556 776 rem
578 710 765 795 gesserat,
755 732 791 774 m
812 709 968 775 invidiam
991 711 1121 775 recidit:

74 803 192 869 anihil
216 803 302 866 enim
325 822 399 865 eum
419 820 487 864 non
509 798 637 863 efficere
659 819 756 882 posse
779 798 950 863 ducebant.
993 820 1033 863 ex
1056 820 1120 882 quo

110 892 211 956 fiebat
238 894 276 954 ut
303 888 413 954 omnia
439 887 547 951 minus
569 907 724 970 prospere
747 890 842 972 gesta
864 886 977 987 culpae
1001 886 1121 952 tribue·

111 983 197 1063 rent,
228 999 301 1043 cum
329 979 385 1040 aut
408 996 482 1039 eum
503 973 715 1060 neglegenter
738 978 795 1039 aut
817 973 921 1039 malit
897 978 981 1039 t1ose
1004 973 1120 1040 fecisse

110 1068 330 1150 loquerentur,
353 1063 439 1128 sicut
458 1066 530 1127 tum
549 1062 680 1127 accidit.
702 1083 779 1126 nam
798 1066 988 1146 corruptum
1007 1084 1027 1127 a
1044 1083 1121 1149 rege

76 1171 92 1219 a
112 1174 225 1236 capere
240 1151 364 1236 Cymen
375 1150 520 1216 noluisse
535 1150 774 1252 arguebanti
761 1153 872 1234 itaque
889 1150 967 1215 huic
981 1151 1121 1216 maxime

111 1245 265 1326 putamus
288 1239 375 1303 malo
398 1237 500 1303 fuisse
522 1238 657 1302 nimiam
676 1238 862 1339 opinionem
880 1239 1004 1324 ingenii
1023 1243 1120 1322 atque

112 1328 225 1394 virtut'
215 1349 258 1391 ιιι
281 1327 460 1392 timebatur
482 1327 568 1391 enim
586 1347 653 1391 non
671 1327 777 1392 minus
797 1348 895 1410 quam
914 1327 1121 1413 diligebatur,

111 1439 152 1483 ne
176 1416 316 1482 secunda
338 1415 472 1480 fortuna
495 1415 686 1500 magnisque
710 1415 826 1499 opibus
850 1416 916 1479 elat
901 1418 955 1480 tus
978 1417 1121 1500 tyranni·

113 1505 186 1570 dem
213 1504 464 1658 concqpisceret.
511 1503 628 1588 quibus
656 1504 753 1569 rebus
782 1503 906 1568 factum
934 1508 984 1569 est
1006 1508 1046 1568 ut
1068 1505 1121 1570 ab·

113 1594 198 1659 senti
222 1593 453 1680 magistratum
476 1593 674 1678 abrogarent
696 1595 730 1655 et
752 1591 881 1656 alium
870 1613 906 1656 m
925 1592 994 1657 eius
1013 1592 1121 1658 locum

77 1682 359 1748 Mubstituerent.
388 1681 422 1746 id
440 1680 496 1745 ille
514 1683 552 1744 ut
572 1680 704 1762 audivit,
727 1679 859 1745 domurn
877 1680 999 1745 reverti
1015 1681 1122 1746 noluit

113 1775 199 1834 etse
218 1768 522 1852 Pactyenoontulit
544 1766 654 1849 ibique
677 1768 742 1830 tria
765 1768 900 1834 castella
920 1769 1122 1854 communiit,

114 1857 234 1939 Ornos,
256 1856 450 1954 Bisanthen,
473 1853 675 1918 Neontichos
683 1877 876 1939 ,manuque
900 1856 1038 1922 collecta
1058 1858 1122 1945 pri·

114 1966 186 2009 mus
215 1907 357 2007 Graecae
385 1941 484 2006 civita
465 1941 542 2008 atis
556 1941 591 2005 in
616 1940 884 2008 Τιιιιιιιιιιιι
834 1965 869 2008 m
869 1944 977 2029 troiit,
1004 1941 1122 2031 glorio·

114 2032 181 2095 sius
209 2029 398 2094 existimans
425 2029 638 2094 barbarorum
667 2031 787 2114 praeda
808 2031 1001 2116 locupletari
1025 2054 1123 2116 quam

78 2134 95 2184 o
115 2117 297 2183 Graiorum
334 2138 398 2201 qua
416 2139 456 2181 ex
474 2138 508 2180 re
527 2122 673 2182 creverat
696 2140 770 2184 cum
791 2119 880 2183 fama
901 2124 973 2203 tum
996 2121 1123 2207 opibus,

114 2227 331 2292 magnamque
358 2205 536 2270 amicitiam
564 2205 628 2270 sibi
658 2228 731 2271 cum
764 2207 958 2290 quibusdam
989 2210 1122 2295 regibus

113 2295 289 2360 Thraeciae
311 2298 490 2378 pepererat

80 2385 100 2449 8
202 2383 316 2468 Neque
344 2387 455 2448 tamen
478 2405 497 2448 a
520 2383 623 2448 carita
623 2387 655 2447 ιι
682 2384 808 2466 patriae
835 2384 945 2467 potuit
967 2386 1122 2451 recedere.

113 2495 190 2537 nam
209 2495 282 2538 eum
302 2472 386 2556 apud
404 2471 515 2558 Aegos
538 2472 658 2536 flumen
676 2470 849 2555 Philocles,
872 2476 966 2556 praet
967 2493 1005 2539 οι
951 2473 1122 2539 tAthe·

113 2562 284 2646 niensium,
308 2560 444 2626 classem
469 2560 693 2625 constituisset
716 2581 808 2624 suam
830 2581 934 2642 neque
952 2560 1051 2648 longe
1070 2563 1124 2627 ab·

114 2654 201 2715 esset
224 2649 403 2732 Lysander,
425 2651 556 2730 praetor
578 2647 908 2713 Lacedaemoniorum
915 2650 1004 2732 ,qui
1026 2650 1062 2715 in
1084 2671 1121 2715 ιο

115 2742 185 2801 erat
214 2737 351 2835 ccoupat
351 2756 390 2799 us
420 2739 459 2798 ιιι
489 2735 612 2799 bellum
642 2757 739 2819 quam
768 2699 950 2801 diutissime
982 2737 1123 2822 duceret,

115 2822 228 2907 quod
218 2823 299 2905 ipsis
318 2822 455 2905 pecunia
469 2845 488 2886 a
504 2842 579 2907 rege
599 2824 877 2909 suppeditabatur,
895 2828 972 2890 cont
973 2847 1011 2889 ra
957 2825 1123 2891 tAthc

113 2909 281 2975 niensibus
309 2909 474 2975 exhaustis
501 2914 594 2994 praet
596 2931 630 2974 er
657 2931 748 2975 arma
770 2916 804 2975 et
825 2934 924 2977 naves
946 2913 1030 2977 nihil
1053 2918 1125 2978 erat

79 3014 224 3081 asupcr,
256 2996 442 3062 Alcibiades
475 2999 515 3062 ad
547 2998 724 3063 exercitum
756 3001 845 3065 venit
831 2999 1124 3067 tAtheniensium

114 3087 224 3170 ibique
256 3088 426 3170 praesente
457 3087 556 3171 vulgo
587 3107 681 3173 agere
711 3088 832 3172 coepit:
864 3089 893 3154 si
922 3089 1057 3174 vellent,
1088 3111 1125 3154 se

115 3197 191 3242 coac
193 3179 303 3240 turum
317 3173 522 3258 Lysandrum
536 3174 688 3239 dimicare
703 3179 760 3240 aut
779 3198 892 3260 paoem
910 3181 1021 3261 petere
1038 3180 1124 3262 [spo-

114 3264 258 3349 pondit];
276 3261 549 3329 Lacedaemonios
564 3285 602 3328 eo
615 3262 703 3328 nolle
718 3265 820 3330 classe
835 3265 1018 3351 confligere,
1038 3266 1124 3350 quod

79 3352 318 3437 apedestribus
348 3351 449 3435 copiis
476 3351 550 3434 plus
579 3373 677 3434 quam
703 3354 842 3419 navibus
869 3353 1029 3439 valerent3
1061 3355 1125 3420 sibi

115 3444 172 3506 aut
174 3463 225 3505 em
244 3462 314 3506 esse
332 3440 427 3506 facile
447 3437 527 3505 Seut
513 3438 612 3524 them,
630 3461 741 3526 regem
759 3440 949 3526 Thraecum,
968 3405 1126 3508 adducere

109 3532 152 3591 ιιι
161 3550 237 3591 eum
253 3533 341 3593 terra
359 3528 548 3614 depelleret:
572 3550 636 3614 quo
650 3527 739 3595 facto
752 3530 935 3595 necessario
949 3534 1007 3595 aut
1021 3532 1128 3596 classe
