2400 3922
365 222 464 278 XVIII.
483 221 664 278 EUMENES.
693 229 787 277 9-11.
1039 225 1080 288 77

72 367 222 451 reddant,
245 372 282 432 ut
305 367 496 432 assimulata
519 370 702 432 castrorum
725 369 955 434 consuetudine
979 369 1116 452 suspir

73 457 201 520 cionem
228 455 362 521 iniciant
389 455 554 539 hostibus,
584 455 625 519 iis
653 455 734 520 locis
757 478 828 521 esse
852 460 960 522 eastra
982 478 1020 521 cc
1041 457 1080 521 de

73 565 187 608 eorum
210 544 350 608 adventu
373 565 443 607 esse
467 543 745 627 praenuntiatum
774 544 923 628 idemque
949 547 1081 628 postera

72 635 169 697 noete
188 631 319 696 faciant.
352 632 470 715 quibus
488 631 685 714 imperatum
703 635 782 715 erat,
801 632 975 717 diligenter
992 654 1082 715 prae·
1100 647 1115 694 c

73 724 205 803 ceptum
223 723 347 784 curant.
383 718 570 804 Antigonus
589 719 733 784 tenebris
753 720 878 785 obortis
897 721 989 805 ignes
1009 741 1082 785 con-

74 808 232 891 spicatur:
266 806 368 872 credit
394 807 434 871 de
462 829 521 872 suo
545 806 685 872 adventu
709 829 780 873 esse
803 808 950 873 auditum
973 811 1006 873 et
1029 808 1082 872 ad·

75 895 234 961 versarios
247 895 326 960 illue
340 916 415 960 suas
431 895 630 960 contraxisse
645 896 764 979 copias.
788 900 894 961 mutat
909 896 1080 961 consilium
1099 911 1115 960 6

73 988 120 1067 et,
148 983 301 1066 quoniam
327 984 548 1067 imprudentes
576 983 696 1048 adoriri
723 1006 789 1049 non
819 988 946 1068 posset,
976 984 1081 1050 flectit

73 1073 138 1136 iter
161 1093 255 1135 suum
274 1075 307 1136 et
327 1071 421 1135 illum
439 1070 565 1135 anfract
551 1074 622 1134 turn
640 1072 823 1172 longiorem
841 1073 991 1157 copiosae
1009 1072 1080 1137 viae

74 1159 162 1243 capit
184 1159 293 1243 ibique
316 1159 402 1225 diem
425 1181 526 1223 unum
544 1159 672 1240 opperit
673 1182 711 1224 ur
658 1160 771 1224 tad
789 1160 884 1226 lassit
885 1161 1015 1225 udinem
1034 1181 1081 1225 10

73 1247 211 1311 dandam
235 1247 321 1310 milit
307 1251 378 1311 tum
396 1268 434 1310 ec
452 1246 651 1310 reficienda
641 1252 766 1311 rumen
768 1269 796 1332 a,
819 1270 883 1332 quo
902 1249 1080 1366 integriore

74 1335 219 1400 exercitu
241 1335 436 1399 decerneret.

163 1421 217 1487 Sic
235 1421 397 1488 Eumenes
421 1421 573 1485 callidum
595 1421 825 1504 imperatorem
845 1424 925 1488 vicit
943 1425 1079 1489 consilio
1092 1423 1133 1487 10

73 1511 339 1591 celeritatemque
366 1507 536 1591 impedivit
563 1507 645 1592 eius,
672 1530 776 1592 neque
804 1513 914 1575 tamen
940 1512 1080 1576 multum

72 1598 222 1683 profecit.
267 1618 343 1659 narn
366 1594 487 1660 invidia
509 1595 639 1679 dueum,
662 1617 736 1661 cum
760 1596 878 1680 quibus
900 1602 984 1680 erat,
1011 1615 1115 1681 per-2

72 1686 215 1767 fidiaque
233 1682 445 1748 Macedonum
467 1686 704 1767 veteranorum,
726 1705 800 1748 cum
823 1685 970 1768 superior
990 1706 1081 1768 proe-

72 1774 117 1839 lio
141 1772 355 1855 discessisset,
385 1769 553 1857 Antigono
577 1775 627 1836 est
650 1771 792 1855 deditus,
824 1793 898 1836 cum
920 1772 1080 1837 exercitus

74 1862 103 1926 ei
126 1866 184 1946 ter
202 1862 277 1924 ante
300 1859 459 1943 separatis
483 1859 684 1943 temporibus
712 1860 853 1925 iurasset
876 1882 910 1925 se
934 1861 1081 1925 eumde-

72 1950 240 2014 fensurum
262 1969 366 2031 neque
389 1969 543 2031 umquam
565 1948 777 2013 deserturum.
823 1949 879 2013 sed
901 1952 995 2013 tanta
1016 1947 1081 2013 fuit

72 2036 304 2102 nonnullorum
331 2035 463 2099 virtutis
492 2035 703 2120 obtrectatio,
734 2040 772 2100 ut
800 2037 897 2102 fidem
928 2037 1080 2103 amittere

73 2124 211 2190 mallent
238 2144 336 2206 quam
363 2144 437 2186 eum
462 2143 530 2186 non
558 2122 700 2205 perdere.
746 2127 844 2207 atque
873 2124 959 2189 hunc
986 2124 1080 2190 Anti·
1040 2129 1114 2190 13

74 2233 194 2299 genus,
221 2233 294 2276 eum
317 2211 347 2275 01
370 2209 486 2274 11111101
512 2209 758 2291 infestissimus
786 2217 1023 2295 conservasset,
1052 2213 1080 2277 11

73 2323 132 2385 per
155 2320 232 2364 suos
256 2321 326 2364 esse
328 2298 496 2381 tlicitum,
519 2290 605 2380 quod
623 2297 664 2360 cb
682 2296 772 2362 nullo
792 2319 826 2362 se
845 2298 919 2381 plus
934 2263 1079 2363 adiuiari

73 2409 171 2473 posse
194 2386 438 2472 intellegebat
428 2408 464 2450 111
486 2385 533 2450 011
556 2385 667 2468 rebus,
695 2405 775 2484 quas
803 2385 1023 2468 impendere
1014 2407 1080 2449 1am

74 2476 254 2560 aptpareba
239 2474 437 2540 tomnibus.
466 2435 681 2537 imminebarit
699 2472 786 2536 enim
805 2470 967 2556 Seleucus,
989 2471 1081 2556 Lysi-

74 2565 219 2647 machus,
237 2563 454 2646 Ptolemaeus,
477 2561 621 2645 opibus
612 2582 678 2625 ram
696 2561 851 2643 valentes,
869 2581 943 2624 cum
962 2561 1079 2643 quibus

74 2654 104 2718 ei
127 2653 167 2717 de
190 2651 326 2716 summis
349 2651 445 2715 rebus
468 2652 540 2714 erat
562 2648 788 2714 dimicandum.
826 2647 882 2711 sed
903 2668 969 2713 nou
990 2649 1116 2732 passi4

74 2743 151 2805 sunt
170 2739 195 2803 ii
213 2740 269 2822 qui
288 2738 374 2803 circa
392 2741 493 2821 erant,
517 2738 602 2820 quod
619 2736 773 2801 videbant
786 2734 931 2801 Eumene
948 2741 1079 2821 recepto

74 2849 188 2893 omnes
210 2848 287 2910 prae
310 2826 367 2890 1110
390 2825 482 2909 parvi
505 2824 642 2890 futuros.
678 2825 748 2908 ipse
766 2828 875 2890 autem
893 2824 1079 2911 Antigonus

74 2916 155 2981 adeo
184 2920 254 2979 erat
280 2914 444 2998 incensus,
474 2918 513 2978 ut
531 2914 603 2978 nisi
631 2933 750 2998 magna
777 2934 834 2997 spe
866 2914 1080 2980 maximarum

73 3025 185 3068 rerum
208 3003 302 3067 leniri
324 3024 391 3067 non
413 3006 532 3086 posset.

163 3089 279 3174 Itaque
302 3112 376 3155 cum
399 3111 472 3154 eum
494 3089 530 3152 in
552 3089 732 3156 custodiam
759 3089 902 3155 dedisset
929 3094 963 3154 01
990 3089 1129 3173 prae-11

72 3181 179 3243 lectus
204 3179 376 3243 custodum
399 3176 593 3290 quaesisset,
621 3198 717 3259 quem
740 3178 780 3241 ad
803 3178 936 3241 modum
959 3175 1080 3239 servari

72 3267 182 3349 vellet,
201 3264 250 3330 ut
268 3266 461 3330 acerrimum
462 3263 594 3346 'inquit
612 3262 750 3328 leonem
769 3268 826 3329 aut
843 3262 1081 3327 ferocissimum

74 3355 144 3438 elep
146 3353 310 3418 hautum':
333 3351 476 3418 noudum
495 3351 581 3415 enim
599 3372 614 3415 1
617 3354 768 3435 t,atuerat
787 3353 993 3416 conservaret
1007 3371 1081 3413 eum

72 3464 183 3507 necne.
220 3441 371 3506 veniebat
395 3443 450 3504 aut
452 3460 503 3504 em
526 3439 567 3503 ad
584 3403 823 3504 Eumenenit
786 3460 808 3501 u
809 3443 960 3520 trumque
978 3457 1080 3535 genus
1099 3449 1115 3502 ll

71 3530 252 3614 hominum,
275 3533 308 3594 01
327 3528 383 3612 qui
400 3550 482 3613 prop
484 3531 535 3592 ter
484 3526 666 3592 tedium
680 3523 952 3591 1111011110οὼ1
963 3545 1011 3584 ex
1024 3524 1101 3581 ems
