2560 4002
189 233 252 298 112
491 233 577 288 xxv.
597 234 761 302 Aculeus,
790 240 831 291 so.
852 242 895 290 ar.

187 379 266 462 quin
288 375 401 443 Attico
425 377 595 463 scriberet,
622 378 699 462 quid
728 383 853 464 ageret,
881 379 1030 464 inprimis
1055 379 1133 462 quid
1152 379 1190 442 le·
1220 375 1223 384 '

188 470 281 552 geret
303 464 485 549 quibusque
508 465 543 530 in
565 466 646 531 locis
669 470 707 532 et
721 467 877 550 quamdiu
896 471 983 532 esset
1001 471 1189 549 moraturus,
1244 497 1245 522 r

153 571 169 618 a
189 553 245 620 sed
268 553 379 638 etiam,
402 574 475 618 curn
498 558 585 619 esset
603 554 638 618 in
655 554 734 619 urbe
753 558 787 619 et
804 558 940 639 propter
957 555 1102 619 infinitas
1122 575 1189 619 suas
1222 550 1226 576 ¹

189 642 416 727 occupationes
440 641 546 706 minus
570 663 674 726 saepe,
697 662 795 724 quam
814 643 921 727 vellet,
941 641 1055 708 Attico
1078 642 1190 706 fruere
1224 661 1245 706 u

188 735 256 814 tur,
282 729 391 795 nullus
414 729 483 794 dies
506 733 628 796 temere
654 729 855 815 intercessit,
883 752 946 814 quo
969 752 1037 795 non
1059 731 1100 795 ad
1124 751 1190 794 eum
1225 725 1245 794 tl

188 997 341 1078 poneret,
377 991 540 1058 interdum
576 993 687 1059 iocans
724 995 793 1059 eius
825 993 1030 1059 verbosiores
1067 993 1190 1058 eliceret
1239 1017 1245 1058 τ.

154 1082 356 1166 aepistulas.
392 1101 431 1145 ex
455 1100 518 1162 quo
543 1080 671 1166 accidit,
694 1102 768 1146 cum
790 1081 877 1146 aedis
896 1080 985 1146 Iovis
1004 1079 1189 1146 Feretriiin

189 1167 366 1252 Capitolio,
393 1167 435 1232 ab
458 1165 599 1233 Romulo
622 1169 815 1252 constituta,
843 1172 1007 1234 vetustate
1031 1172 1129 1252 atque
1151 1168 1190 1232 in·
1231 1167 1245 1183 ‘⁴

190 1256 279 1322 curia
302 1256 430 1320 detecta
451 1255 687 1340 prolaberetur,
710 1260 748 1321 ut
766 1255 871 1322 Attici
890 1256 1060 1321 admonitu
1079 1255 1190 1322 Caesar
1244 1305 1245 1312 .

153 1365 261 1414 ceam
288 1343 495 1409 reficiendam
522 1348 658 1409 curaret.
702 1365 806 1428 neque
834 1366 909 1410 vero
938 1366 958 1409 a
985 1342 1029 1409 M.
1052 1343 1191 1410 Antonio

189 1432 296 1498 minus
320 1432 437 1498 absens
464 1431 584 1496 litteris
608 1432 784 1517 colebatur,
807 1433 887 1498 adeo
909 1437 948 1498 ut
970 1435 1120 1497 accurate
1142 1431 1193 1496 ille

190 1543 230 1587 ex
250 1520 377 1586 ultimis
400 1521 506 1604 terris,
530 1520 607 1603 quid
630 1524 751 1606 ageret,
774 1541 869 1586 curae
892 1521 955 1586 sibi
977 1520 1114 1584 haberet
1134 1541 1193 1585 cer-

155 1610 309 1675 atiorem
331 1607 438 1673 facere
460 1607 618 1672 Atticum.
657 1608 720 1674 hoc
743 1608 838 1692 quale
862 1609 915 1693 sit,
937 1607 1066 1673 facilius
1090 1607 1195 1672 existi·

190 1697 294 1762 mabit
316 1697 361 1781 is,
384 1697 441 1781 qui
463 1696 605 1761 iudicare
627 1696 764 1780 poterit,
788 1701 927 1779 quantae
952 1696 996 1760 sit
1019 1695 1195 1778 sapientiae
1238 1717 1245 1759 1

190 1806 302 1850 eorum
335 1785 474 1850 retinere
505 1804 601 1848 usum
632 1784 965 1869 benivolentiamque,
997 1783 1083 1848 inter
1115 1804 1196 1868 quos
1241 1807 1245 1846 v

190 1873 405 1938 maximarum
440 1892 548 1935 rerum
583 1891 650 1936 non
683 1872 790 1937 solum
825 1871 1018 1956 aemulatio,
1053 1871 1109 1935 sed
1145 1871 1197 1935 ob·
1222 1899 1245 1947 ,l

189 1959 342 2025 trectatio
370 1962 464 2024 tanta
490 1957 726 2044 intercedebat,
754 1963 910 2044 quantam
936 1959 1001 2024 fuit
1029 1957 1195 2039 [incidere]

189 2067 320 2111 necesse
341 2045 429 2110 inter
447 2043 620 2111 Caesarem
638 2050 736 2130 atque
754 2047 944 2133 Antonium,
968 2069 1042 2112 cum
1060 2067 1094 2111 se
1112 2050 1197 2111 uter·

190 2155 252 2218 quc
274 2133 454 2218 principem
476 2155 543 2199 non
561 2133 667 2199 solum
685 2135 776 2200 urbis
795 2134 928 2221 Romae,
951 2135 1008 2200 sed
1027 2134 1116 2199 orbis
1136 2138 1198 2198 ter·

190 2245 300 2288 rarum
323 2243 393 2288 esse
417 2226 557 2307 cuperet.

137 2312 178 2378 21
277 2310 350 2376 'lali
368 2311 464 2377 modo
484 2333 557 2376 curn
576 2314 701 2395 septem
719 2315 753 2377 et
767 2312 977 2398 septuaginta
991 2331 1093 2376 annos
1113 2331 1199 2375 com·

190 2403 312 2485 plesset
344 2404 442 2483 atque
474 2399 515 2464 cd
546 2403 724 2465 extremam
760 2404 961 2465 senectutem
992 2420 1060 2464 non
1091 2398 1198 2463 minus

190 2489 351 2574 dignitate
384 2508 481 2571 quam
513 2487 621 2572 gratia
652 2486 847 2571 fortunaque
878 2487 1034 2553 crevisset
1063 2483 1199 2572 (multas

191 2577 277 2642 enim
304 2576 502 2642 hereditates
530 2575 620 2640 nulla
647 2574 768 2640 aliare
792 2595 890 2658 quam
917 2575 1065 2639 bonitate
1090 2595 1199 2638 conse-

191 2669 286 2731 cutus
300 2661 364 2750 est)
383 2669 540 2747 tantaque
554 2663 772 2748 prosperitate
791 2684 869 2727 usus
889 2668 976 2728 esset
993 2661 1200 2742 valetudinis,

156 2757 228 2818 sut
251 2754 343 2818 annis
367 2753 505 2838 triginta
527 2751 686 2816 medicina
702 2771 769 2815 non
786 2749 990 2836 indiguisset,
1011 2753 1129 2814 nactus
1150 2752 1201 2813 est

192 2840 349 2922 morbum,
372 2859 469 2922 quem
486 2839 581 2904 initio
600 2842 634 2903 et
648 2839 721 2923 ipse
740 2842 774 2902 et
787 2839 905 2904 medici
919 2840 1201 2922 contempserunt:

191 2948 266 2991 narn
288 2929 447 3010 putarunt
469 2948 540 2991 esse
563 2930 745 3010 tenesmon,
774 2925 826 2992 cui
849 2925 991 2992 remedia
1014 2925 1132 2991 celeria
1157 2924 1203 2989 fa-

156 3015 329 3100 uciliaque
351 3015 625 3106 proponebantur.
660 3013 696 3079 in
717 3013 780 3080 hoo
803 3035 877 3080 cum
895 3021 963 3080 tres
982 3035 1108 3079 menses
1130 3013 1204 3078 sine

191 3105 267 3171 ullis
291 3101 467 3186 doloribus,
489 3106 718 3186 praeterquam
741 3123 824 3186 quos
847 3124 886 3168 ex
909 3102 1076 3169 curatione
1095 3101 1204 3186 capie-

191 3194 264 3278 bat,
290 3190 558 3275 consumpsisset,
588 3190 698 3256 subito
721 3194 815 3256 tanta
836 3191 886 3255 vis
910 3191 1016 3256 morbi
1038 3189 1074 3254 in
1095 3189 1206 3254 imum

191 3281 383 3348 intestinum
405 3279 569 3364 prorupit,
591 3283 629 3343 ut
652 3283 795 3344 extremo
818 3282 965 3364 tempore
987 3299 1045 3362 per
1068 3277 1204 3343 lumbos

156 3368 320 3434 cfistulae
342 3367 433 3450 puris
456 3367 629 3451 eruperint.
663 3371 762 3450 atque
779 3367 841 3432 hoc
859 3368 1049 3452 priusquam
1068 3365 1098 3431 ei
1119 3365 1205 3431 acci·

193 3451 295 3534 deret,
324 3457 499 3535 postquam
520 3454 555 3518 in
578 3453 645 3517 dies
669 3452 797 3519 dolores
821 3476 1003 3521 accrescere
1025 3453 1205 3538 febresque

193 3537 365 3600 accessisse
398 3540 513 3620 sensit,
542 3536 724 3624 Agrippam
756 3561 910 3624 generum
942 3543 984 3607 ad
1010 3563 1045 3606 se
1078 3541 1207 3608 arcessi
