2400 3922
146 218 186 282 16
460 219 506 275 IV.
526 219 737 276 PAUSANIAS.
767 226 790 275 1.
810 226 835 276 2.

145 367 292 446 satrapes
311 363 429 448 regius,
452 364 583 429 natione
601 361 724 447 Medus,
747 363 833 449 regis
852 384 960 448 gener,
981 363 1017 428 in
1035 363 1152 447 primis

146 451 291 516 omnium
313 450 486 516 Persarum
513 455 547 515 et
573 472 671 515 manu
697 450 794 515 fortis
818 455 851 515 et
874 451 1001 516 consilii
1027 451 1153 536 plenus,

146 560 219 603 cum
242 539 389 604 ducentis
413 539 544 603 milibus
571 538 731 622 pediturn,
759 559 840 622 quos
867 538 992 602 viritim
1018 539 1152 624 legerat,

146 630 179 690 et
206 626 324 711 viginti
351 627 498 711 equitum
529 626 615 691 haud
647 627 695 691 ita
726 646 845 710 magna
871 648 969 691 manu
998 624 1152 691 Graeciae

111 729 127 778 a
146 714 278 800 fugatus
302 718 362 799 est,
385 735 487 797 eoque
510 714 580 797 ipse
603 713 667 778 dux
690 714 806 780 cecidit
828 714 961 797 proelio.
1003 734 1068 796 qua
1090 715 1152 780 vic-

146 802 233 866 toria
261 803 365 867 elatus
397 802 539 884 plurima
571 801 706 866 miscere
733 801 841 884 coepit
868 805 902 866 et
928 801 1053 866 maiora
1080 823 1153 866 con·

147 891 318 975 cupiscere.
365 888 421 953 sed
447 890 590 973 primum
617 889 651 952 in
674 910 711 954 eo
736 894 786 954 est
814 889 1039 973 reprehensus,
1066 889 1153 972 quod

147 1000 185 1042 ex
216 977 335 1060 praeda
367 976 528 1060 tripodam
560 997 693 1040 aureum
723 975 860 1060 Delphis
892 978 1057 1060 posuisset
1089 977 1153 1060 epi·

147 1067 328 1149 grammate
350 1063 523 1148 inscripto,
549 1065 584 1129 in
607 1086 670 1147 quo
693 1064 774 1129 haec
797 1070 867 1130 erat
890 1065 1064 1130 sententia:
1094 1086 1152 1130 suo

147 1153 245 1215 ductu
277 1151 433 1216 barbaros
466 1151 552 1236 apud
582 1150 734 1217 Plataeas
764 1173 834 1217 esse
866 1153 990 1218 deletos
1020 1153 1152 1236 eiusque

111 1256 129 1302 4
147 1238 302 1303 victoriae
325 1259 403 1324 ergo
422 1238 569 1323 Apollini
591 1240 626 1304 id
647 1240 767 1305 donum
789 1239 922 1305 dedisse.
957 1240 1017 1305 hos
1040 1261 1152 1305 versus

146 1325 394 1390 Lacedaemonii
426 1327 671 1410 exsculpserunt
701 1349 805 1411 neque
838 1328 925 1393 aliud
955 1328 1153 1411 scripserunt

148 1435 245 1498 quam
263 1413 395 1478 nomina
414 1436 525 1480 earum
543 1414 722 1500 ciuitatum,
741 1437 878 1499 quarum
896 1416 1016 1481 auxilio
1034 1415 1152 1480 Persae

148 1505 241 1566 erant
264 1501 351 1566 victi.

113 1589 134 1653 2
236 1589 318 1656 Post
339 1590 373 1654 id
395 1592 554 1675 proelium
578 1592 713 1657 eundem
733 1590 930 1656 Pausaniam
952 1611 1026 1653 cum
1050 1591 1154 1655 classe

149 1678 313 1743 communi
343 1677 486 1762 prrum
514 1683 611 1760 atque
638 1677 887 1758 Hellespontum
915 1676 1087 1759 miserunt,
1117 1682 1156 1742 ut

114 1780 129 1828 a
149 1788 188 1830 ex
201 1767 242 1830 iis
256 1765 443 1850 regionibus
462 1766 676 1827 barbarorum
693 1761 856 1844 praesidia
870 1761 1054 1844 depelleret.
1082 1765 1156 1846 pari

147 1852 304 1916 felicitate
332 1851 367 1914 in
394 1871 432 1912 ea
458 1870 493 1912 re
519 1869 596 1913 usus
627 1848 743 1912 elatius
767 1870 801 1913 se
823 1869 935 1934 gerere
958 1849 1066 1933 coepit
1089 1875 1155 1916 ma·

148 1941 296 2018 ioresque
319 1938 471 2018 appetere
493 1957 553 2000 res.
590 1957 666 2000 nam
689 1957 763 2001 cum
785 1935 944 2020 Byzantio
968 1944 1153 2024 expugnato

148 2024 288 2107 cepisset
306 2023 487 2107 complures
505 2023 679 2089 Persarum
696 2024 823 2089 nobiles
842 2029 940 2108 atque
959 2025 993 2089 in
1012 2026 1058 2090 eis
1076 2049 1154 2092 non·

147 2111 255 2175 nullos
278 2111 364 2197 regis
387 2111 601 2195 propinquos,
628 2112 689 2178 hos
714 2113 798 2177 clam
820 2112 920 2179 Xerxi
944 2113 1084 2198 remisit,
1115 2115 1154 2179 si·

148 2199 275 2262 mularrs
299 2220 339 2263 ex
360 2198 475 2266 vinclis
498 2200 638 2284 publicis
662 2201 829 2286 effugisse,
852 2205 981 2266 etcum
1004 2202 1044 2266 iis
1070 2201 1154 2267 Gon-

148 2286 1153 2442 1111111111111111111111111111111

114 2463 353 2550 8‘Pausaniaa
376 2465 440 2530 dux
461 2399 609 2549 {partae
633 2400 714 2548 (tuos
732 2463 883 2549 Byzantii
906 2401 1044 2549 cepertt
1066 2470 1154 2549 post

150 2574 248 2635 quam
279 2553 479 2637 propinquos
512 2557 587 2618 tuos
617 2552 782 2637 cognouit,
814 2551 876 2615 tibi
908 2553 1034 2618 muneri
1064 2554 1154 2618 misit

150 2661 248 2722 sequa
271 2645 378 2704 tecum
402 2639 561 2704 affinitate
585 2639 737 2724 coniungi
760 2639 863 2723 cupit:
901 2662 1013 2724 quare,
1041 2641 1069 2705 si
1092 2641 1154 2705 tibi

113 2727 286 2808 evidetur,
309 2727 364 2790 des
388 2726 417 2788 ei
440 2725 542 2789 filiam
564 2730 655 2790 tuam
677 2729 823 2808 nuptum.
866 2727 899 2790 id
924 2728 951 2792 si
974 2728 1098 2812 feceris,
1122 2734 1155 2793 et

150 2811 302 2895 Spartam
330 2816 364 2875 et
390 2816 531 2876 ceteram
555 2811 725 2877 Graeciam
752 2813 812 2877 sub
840 2818 931 2879 tuam
955 2820 1154 2899 potestatem

150 2920 184 2962 se
212 2899 383 2963 adiuvante
411 2904 438 2963 tc
460 2900 665 2964 redacturum
693 2900 875 2983 pollicetur.
919 2903 972 2967 his
996 2905 1153 2968 derebus

149 2986 178 3136 pi
197 2985 275 3068 quid
289 3007 384 3071 agere
398 2987 548 3138 voluplria
567 2990 691 3138 oprtum
709 2987 880 3142 hompnprrpl
889 2991 1021 3092 adeum
1040 2993 1154 3141 milttps

114 3090 325 3226 5111111111
349 3095 760 3248 {ttesestnpottlnurmagrrltl
789 3097 1155 3250 otereongtlvlttltssaotne-

149 3249 260 3314 festim
284 3270 357 3315 cum
380 3251 519 3334 epistula
542 3250 742 3316 Artabazum
766 3252 805 3316 ad
823 3251 1016 3317 Pausaniam
1040 3252 1155 3337 mittit,

149 3338 183 3401 in
207 3358 366 3421 quaeum
390 3339 554 3403 collaudat
580 3359 617 3404 oe
642 3341 740 3425 petit,
766 3361 807 3405 ne
834 3340 886 3405 cui
908 3338 954 3401 rei
978 3345 1092 3421 parcat
1115 3343 1155 3407 ad

150 3446 187 3488 ea
211 3424 391 3510 efficienda,
414 3447 496 3510 quae
518 3426 741 3511 polliceretur:
775 3429 804 3491 si
825 3424 1011 3510 perfecerit,
1034 3430 1154 3495 nullius

103 3527 125 3568 e
137 3512 194 3571 rei
207 3533 228 3572 1
245 3534 284 3575 se
300 3515 467 3599 repulsam
486 3515 638 3579 laturum.
674 3516 771 3581 huius
789 3512 968 3578 Pausanias
987 3516 1153 3582 voluntate
