2400 3922
393 198 478 254 xxv.
497 198 657 254 urricus
686 206 711 255 e.
729 207 768 255 ιο.
1020 202 1088 268 105

72 342 165 406 nulla
188 345 266 406 erat.
311 363 378 406 non
400 343 506 408 solum
528 343 661 428 inimici,
684 345 834 429 quitum
857 351 950 412 erant
971 352 1088 431 potenm

74 430 196 495 tissimi
219 433 253 494 et
279 430 426 515 plurimi,
455 431 634 496 sedetiam
659 433 715 515 qui
738 434 930 499 adversariis
954 436 1023 501 eius
1047 459 1087 501 se>

75 519 287 585 venditabant
309 522 343 582 et
369 519 404 583 in
431 540 469 584 eo
496 518 652 584 laedendo
680 520 824 605 aliquam
851 527 1086 590 consecuturos-

76 607 251 691 sperabant
273 607 554 691 commoditatem,
577 606 713 673 Antonii
735 607 913 675 familiares
935 611 1082 696 inseque-

75 698 208 778 bantur,
234 716 368 760 uxorem
390 694 540 760 Fulviam
569 696 718 760 omnibus
746 699 843 762 rebus
867 699 1007 782 spoliare
1031 720 1082 764 cu·

74 783 217 868 piabant,
240 783 360 848 liberos
384 783 484 848 etiam
507 784 712 869 exstinguere
734 786 904 869 parabant
940 786 1122 872 Atticusa

76 894 150 939 cum
172 869 337 937 Ciceronis
360 871 477 936 intima
499 871 725 938 familiaritate
748 877 904 957 uteretur,
927 875 1082 942 amicissi-

75 981 148 1027 mus
171 964 258 1025 esset
280 958 394 1044 Bruto,
418 981 485 1026 non
508 960 603 1025 modo
626 961 708 1026 nihil
731 961 772 1026 iis
795 961 932 1027 indulsit
954 964 996 1028 ad
1018 963 1082 1028 An-

74 1049 202 1115 tonium
224 1047 419 1132 violandum,
444 1048 501 1113 sed
523 1071 540 1112 e
563 1050 727 1114 contrario
750 1048 928 1116 familiares
952 1051 1021 1117 eius
1044 1071 1083 1116 ex

75 1137 155 1203 urbe
172 1134 405 1223 profugientes,
428 1140 586 1220 quantum
603 1137 721 1221 potuit,
739 1138 831 1222 texit,
850 1139 967 1222 quibas
986 1140 1082 1204 rebus

74 1225 294 1311 indiguerunt,
312 1224 444 1289 adiuvit
476 1223 593 1289 Publio
612 1246 688 1290 vero
702 1224 880 1291 Volumnio
899 1249 938 1292 ea
956 1228 1082 1310 tribuit,
1100 1246 1118 1296 a

74 1317 113 1378 ut
130 1314 225 1398 plura
239 1334 259 1376 a
275 1316 410 1396 parente
428 1311 591 1394 proficisci
604 1334 671 1378 non
688 1314 864 1397 potuerint.
893 1316 958 1399 ipsi
973 1321 1082 1382 autem

74 1401 224 1485 Fuluiae,
253 1422 327 1465 cum
353 1399 468 1463 litibus
496 1400 705 1464 distineretur
733 1401 924 1485 magnisque
953 1404 1083 1468 terrori-

74 1491 136 1555 bus
164 1492 348 1570 vexaretur,
380 1491 474 1551 tanta
501 1487 671 1573 diligentia
700 1487 843 1552 officium
871 1510 965 1553 suum
992 1512 1083 1575 prae

74 1578 173 1662 stitit,
195 1581 234 1641 ut
255 1575 382 1639 nullum
404 1575 462 1638 illa
485 1575 609 1639 stiterit
631 1575 851 1640 vadimonium
870 1577 941 1641 sine
959 1575 1083 1661 Attico,

73 1668 198 1732 Atticos
230 1684 367 1746 sponsor
397 1663 542 1727 omnium
573 1685 682 1728 rerum
712 1662 820 1727 fuerit.
866 1664 945 1746 quin
974 1665 1121 1749 etiam,c

75 1776 149 1820 cum
181 1752 239 1815 illa
270 1749 406 1815 fundum
438 1750 578 1816 secunda
608 1750 741 1816 fortuna
768 1750 902 1815 emisset
933 1752 968 1815 in
997 1752 1083 1817 diem

74 1862 179 1926 neque
197 1842 274 1923 post
292 1839 512 1913 calamitatem
530 1860 696 1904 versuram
714 1838 820 1904 facere
838 1839 1008 1924 potuisset,
1027 1839 1082 1904 ille

75 1952 110 1995 se
133 1927 331 2012 interposuit
357 1927 590 2010 pecuniamque
614 1927 682 1992 sine
705 1926 836 1992 faenore
859 1927 992 2010 sineque
1015 1928 1083 1991 ulla

76 2016 287 2101 stipulatione
311 2015 461 2099 credidit,
488 2016 665 2080 maximum
688 2015 877 2081 existimans
902 2021 1083 2101 quaestum,

75 2126 253 2171 memorem
275 2107 470 2189 gratumque
495 2104 661 2187 cognosci,
688 2104 848 2186 simulque
877 2104 1023 2187 aperiens
1048 2125 1082 2168 se

74 2216 142 2260 non
159 2192 319 2275 fortunae,
338 2190 395 2256 sed
412 2189 599 2255 hominibus
615 2191 719 2255 solere
733 2211 803 2256 esse
818 2191 967 2256 amicum.
1001 2213 1082 2275 quae
1101 2211 1120 2259 e

76 2304 150 2348 cum
176 2280 331 2363 faciebat,
360 2300 456 2343 nemo
484 2300 558 2342 eum
586 2278 741 2362 temporis
770 2299 868 2342 causa
894 2277 1001 2342 facere
1028 2301 1082 2361 po·

75 2373 163 2436 terat
185 2368 385 2434 existimare:
412 2366 534 2431 nemini
557 2366 643 2430 enim
666 2366 701 2430 in
723 2365 910 2449 opinionem
932 2365 1084 2430 veniebat

74 2457 257 2525 Antonium
284 2477 392 2520 rerum
419 2455 609 2539 potiturum.
656 2454 712 2518 sed
735 2474 848 2518 sensus
871 2452 940 2517 eius
963 2475 984 2518 a
1005 2471 1118 2521 non-r

75 2547 175 2612 nullis
190 2544 403 2629 optimatibus
418 2543 722 2626 reprehendebatur,
741 2541 828 2624 quod
840 2562 957 2625 parum
976 2540 1082 2605 odisse

76 2635 180 2700 malos
205 2633 290 2699 cives
313 2632 485 2697 videretur.
530 2631 585 2694 ille
610 2634 732 2714 autem,
756 2630 807 2693 sui
829 2628 949 2711 iudicii,
971 2628 1083 2713 potius

77 2723 154 2807 quid
182 2742 216 2786 se
243 2720 349 2786 facere
378 2742 438 2804 par
465 2722 552 2783 esset
579 2719 768 2782 intuebatur
796 2738 894 2800 quam
922 2716 999 2800 quid
1026 2716 1084 2780 alii

76 2809 240 2876 laudaturi
262 2808 379 2874 forent

165 2897 329 2964 Conversa
352 2895 460 2960 subito
483 2894 616 2960 fortuna
639 2898 696 2960 est.
737 2897 776 2958 ut
797 2891 962 2959 Antonius
986 2893 1139 2960 rediitIO

75 2988 111 3051 in
142 2985 287 3068 Italiam,
318 3005 415 3048 nemo
446 3005 513 3048 non
544 3002 664 3068 magno
695 2982 730 3046 in
761 2982 905 3065 periculo
933 2979 1083 3047 Atticum

75 3078 210 3159 putarat
236 3077 370 3158 propter
397 3071 548 3136 intimam
575 3070 834 3135 familiaritatem
857 3068 1022 3135 Ciceronis
1050 3071 1085 3131 et

75 3163 181 3231 Bruti.
232 3161 343 3244 itaque
376 3161 417 3224 ad
453 3159 628 3223 adventum
663 3159 899 3241 imperatorum
936 3156 975 3219 de
1010 3154 1118 3219 foros

76 3252 278 3334 decesserat,
310 3249 429 3312 timens
456 3245 746 3330 proscriptionem,
777 3243 965 3326 latebatque
998 3243 1084 3326 apud

75 3338 110 3403 P.
134 3337 362 3420 Volumnium,
385 3335 446 3418 cui,
469 3338 507 3399 ut
530 3333 746 3416 ostendimus,
768 3331 866 3416 paulo
891 3333 965 3394 ante
990 3351 1085 3414 opem

74 3427 198 3491 tulerat
226 3423 333 3512 (tanta
359 3423 499 3488 varietas
529 3422 570 3486 iis
598 3419 799 3504 temporibus
831 3418 895 3482 fuit
925 3416 1085 3502 fortunae,

73 3520 113 3581 ut
136 3514 234 3579 modo
261 3513 310 3596 hi,
340 3511 436 3577 modo
459 3510 508 3575 illi
531 3511 566 3573 in
589 3529 715 3574 summo
739 3510 851 3572 essent
870 3509 934 3570 aut
949 3504 1097 3582 cessisse
