2400 3922
126 209 170 274 30
417 207 477 263 VII.
496 204 719 263 ALCIBIADES.
748 214 789 264 10.
809 213 850 265 11.

76 354 117 419 10
214 352 287 418 Hoc
311 375 384 418 cum
408 352 577 417 moliretur
599 355 788 437 peteretque
812 375 832 417 a
854 352 1075 437 Pharnabazo,
1096 358 1137 418 ut

127 443 167 506 ad
189 461 300 527 regem
318 441 515 525 mitteretur,
537 440 649 504 eodem
667 444 813 525 tempore
832 438 952 506 Critias
972 441 1137 525 ceterique

126 529 257 614 tyranni
279 528 530 594 Atheniensium
557 531 663 593 certos
690 527 838 593 homines
867 528 907 592 ad
930 528 1136 612 Lysandrum

125 619 161 683 in
182 617 297 683 Asiam
320 617 491 701 miserant,
518 616 575 700 qui
598 637 671 680 eum
694 616 866 682 certiorem
888 616 1049 701 facerent,
1070 617 1135 682 nisi

126 705 330 771 Alcibiadem
353 704 550 788 sustulisset,
571 703 654 768 nihil
673 725 784 768 aarum
802 726 910 769 rerum
928 703 998 770 fore
1016 708 1138 790 ratum,

128 816 207 879 quas
240 794 310 878 ipse
337 792 477 857 Athenis
506 791 743 857 constituisset:
777 813 887 877 quare,
920 792 949 857 si
979 813 1055 858 suas
1083 814 1135 857 res

92 886 238 968 egestas
262 901 392 945 manere
415 880 527 964 vellet,
553 878 647 944 illum
669 883 926 965 persequeretur.
971 881 1023 945 his
1047 880 1135 947 Laco

127 972 224 1035 rebus
248 973 430 1034 commotus
453 967 571 1032 statuit
595 968 777 1033 accuratius
797 968 861 1032 sibi
880 968 1042 1054 agendum
1061 990 1134 1034 eum

127 1057 346 1122 Pharnabazo.
380 1055 455 1121 huic
475 1075 552 1141 ergo
571 1056 738 1121 renuntiat
756 1077 838 1140 quae
856 1055 928 1142 regi
945 1078 1021 1121 eum
1038 1056 1135 1122 Lace

128 1145 304 1210 daemoniis
337 1144 576 1228 convenissent,
607 1143 672 1209 nisi
699 1143 904 1210 Alcibiadem
935 1144 1047 1209 vivum
1078 1149 1137 1210 aut

92 1236 293 1297 emortuum
320 1231 383 1295 sibi
410 1231 606 1296 tradidisset.
650 1254 716 1297 non
743 1232 822 1297 tulit
843 1233 906 1298 hoe
930 1236 1078 1317 satrapes
1101 1237 1137 1297 et

126 1321 248 1386 violare
282 1320 488 1385 clementiam
521 1341 618 1404 quam
649 1321 735 1406 regis
767 1341 844 1404 opes
874 1320 978 1385 minui
1009 1320 1134 1386 maluit

126 1410 237 1493 itaque
260 1408 351 1472 misit
375 1405 601 1473 Susamithren
623 1412 657 1473 et
678 1409 845 1495 Bagaeum
868 1408 909 1474 ad
931 1407 1135 1489 Alcibiadem

39 1565 48 1576 ,
126 1496 399 1582 interficiendum,
428 1519 502 1564 cum
529 1496 584 1561 ille
612 1500 700 1561 esset
721 1497 757 1561 in
778 1495 923 1583 Phrygia
944 1495 1071 1581 iterque
1095 1497 1134 1562 ad

90 1599 108 1648 4
127 1605 238 1670 regem
261 1590 472 1670 compararet.
509 1585 601 1650 missi
619 1585 704 1650 clam
726 1584 896 1669 vicinitati,
919 1585 954 1648 in
977 1605 1042 1668 qua
1064 1588 1135 1649 tum

126 1673 313 1741 Alcibiades
341 1680 425 1760 eret,
457 1674 536 1738 dant
561 1673 731 1759 negotium
757 1676 796 1737 ut
823 1694 896 1737 eum
927 1672 1134 1738 interficiant.

127 1763 177 1826 illi
200 1785 274 1828 cum
296 1763 382 1827 ferro
407 1761 540 1847 aggredi
563 1781 630 1824 non
648 1760 812 1844 auderent,
834 1764 934 1826 noctu
952 1760 1044 1847 ligna
1061 1782 1135 1826 con·

127 1850 274 1915 tulerrmt
296 1850 382 1914 circa
405 1870 514 1913 casam
536 1868 621 1930 eam,
649 1848 685 1911 in
712 1869 778 1931 qua
805 1849 1006 1933 quiescebat,
1034 1870 1134 1933 eaque

128 1937 369 2018 succenderunt,
391 1939 428 1999 ut
451 1934 598 1999 incendio
618 1935 822 2020 conficerent,
845 1958 941 2020 quem
963 1957 1063 2001 manu
1085 1958 1135 2001 su·

91 2022 233 2106 operari
247 2043 342 2106 posse
357 2022 570 2105 diffidebant.
591 2022 646 2087 ille
666 2027 775 2088 autem
793 2028 831 2089 ut
853 2024 964 2089 sonitu
986 2024 1135 2089 flammae

128 2115 178 2175 est
197 2111 365 2195 excitatus,
389 2111 452 2176 etsi
470 2110 597 2197 gladius
616 2111 735 2176 eierat
754 2111 941 2197 subductus,
962 2111 1134 2177 familiaris

128 2199 178 2263 sui
202 2198 351 2264 subalare
374 2198 478 2264 telum
501 2199 629 2282 eripuit.
664 2220 804 2283 namque
827 2204 898 2264 erat
916 2221 990 2265 cum
1009 2222 1048 2266 eo
1067 2201 1135 2284 qui-

128 2287 202 2352 dam
225 2309 265 2352 ex
287 2286 426 2352 Arcadia
448 2287 581 2372 hospes,
611 2288 667 2371 qui
693 2309 873 2372 numquam
896 2288 1060 2353 discedere
1082 2310 1135 2353 vo·

127 2376 241 2442 luerat.
276 2376 363 2442 hunc
387 2377 479 2460 sequi
503 2397 536 2441 se
559 2376 651 2440 iubet
674 2380 708 2440 et
730 2376 763 2440 id
786 2376 872 2460 quod
894 2376 1134 2461 inpraesentia

127 2466 398 2530 vestimentorum
429 2464 494 2529 hait
526 2464 651 2549 arripit.
695 2463 748 2528 his
777 2464 812 2528 in
841 2465 951 2549 ignem
979 2465 1134 2530 coniectis

94 2553 278 2619 oflammae
307 2553 375 2618 vim
406 2553 547 2618 transiit.
592 2574 689 2635 quem
720 2555 758 2616 ut
789 2552 920 2616 barbari
951 2552 1136 2618 incendium

129 2642 281 2728 effugisse
310 2641 474 2723 videnmt,
505 2640 580 2704 telis
609 2640 734 2704 eminus
762 2640 871 2705 missis
902 2639 1137 2706 interfecenmt

129 2733 290 2812 caputque
309 2729 377 2792 eius
397 2729 438 2792 ad
456 2727 703 2793 Pharnabazum
721 2730 927 2794 rettulerunt.
957 2732 993 2792 at
1011 2729 1137 2810 mulier,

129 2837 210 2898 quae
229 2835 303 2879 curn
322 2836 360 2879 eo
378 2815 485 2880 vivere
504 2819 684 2899 consuerat,
706 2816 857 2882 muliebri
876 2838 935 2881 sua
952 2820 1044 2881 veste
1063 2838 1137 2882 con·

128 2907 252 2967 tectum
276 2902 413 2967 aedificii
435 2903 584 2968 incendio
607 2907 773 2968 mortum
797 2904 962 2989 cremavit,
986 2905 1074 2988 quod
1097 2905 1136 2969 ad

128 2991 238 3056 vivum
256 2990 506 3055 interimendum
524 2994 594 3056 erat
612 2996 846 3076 comparatum.
883 2993 930 3057 sic
948 2991 1136 3059 Alcibiades

130 3100 231 3144 annos
250 3078 379 3143 circiter
396 3079 610 3166 quadraginta
626 3083 724 3144 natus
743 3080 828 3145 diem
843 3081 926 3146 obiit
940 3102 1136 3165 supremum

78 3170 116 3233 11
217 3164 314 3231 Hunc
331 3165 525 3232 infamatum
539 3189 559 3231 a
572 3167 735 3251 plerisque
754 3173 821 3233 tres
836 3168 1022 3255 grevismi
1035 3169 1137 3250 histof

129 3257 189 3321 rici
203 3255 339 3321 summis
362 3254 513 3320 laudibus
527 3256 725 3321 extulenmt:
748 3255 961 3341 Thucydides,
984 3257 1042 3341 qui
1056 3256 1136 3323 eius·

129 3344 202 3409 dem
225 3344 342 3409 aetatis
365 3342 444 3427 fuit,
470 3341 714 3429 Theopompus,
740 3348 817 3428 post
839 3345 1008 3428 aliquanto
1030 3349 1137 3429 natus,

129 3437 164 3496 et
185 3432 349 3497 Timaeus:
380 3433 436 3516 qui
464 3432 593 3516 quidem
616 3432 679 3497 duo
703 3433 1003 3498 maledicentissimi
1025 3433 1136 3499 nescio

84 3535 108 3578 2
123 3540 191 3597 quo
211 3521 368 3585 modain
391 3521 449 3586 illo
473 3541 537 3586 uno
560 3520 720 3585 laudando
743 3521 959 3586 consentiunt.
997 3543 1137 3606 namque
