2400 3922
397 225 469 280 XIV.
488 224 672 282 DATAMES.
700 235 725 284 4.
745 234 770 285 ὁ.
1045 233 1087 298 51

73 369 209 435 transiit
237 391 341 454 eoque
370 391 433 454 quo
463 371 633 436 studuerat
665 372 762 436 venit.
809 375 937 456 quaerit
970 378 1087 460 quibus

73 458 157 523 locis
191 458 235 522 sit
266 457 384 542 Aspis:
421 459 590 544 cognoscit
621 459 708 524 haud
740 460 837 546 longe
870 463 984 528 abesse
1015 488 1088 549 pro-

73 545 262 631 fectnmue
286 550 358 611 tum
381 550 543 612 venatum.
590 548 786 631 quemdum
810 552 1012 638 speculatur,
1036 553 1087 618 ad·

74 639 192 701 ventus
216 635 286 700 eius
310 656 407 700 causa
430 635 646 720 cognoscitur.
683 634 810 702 Pisidas
835 660 908 704 cum
930 640 981 725 iis,
1005 662 1087 724 quos

75 745 186 789 secum
213 722 371 809 habebat,
401 723 441 787 ad
468 724 685 789 resistendum
707 723 808 809 Aspis
832 733 1008 811 comparat.
1054 729 1121 806 ids

74 811 234 877 Datames
257 812 315 876 ubi
338 811 476 896 audivit,
507 834 599 876 arma
626 813 740 896 sumit,
768 835 844 880 suos
868 817 960 900 sequi
982 817 1087 902 iubet3

75 902 147 984 ipse
171 921 255 984 equo
279 891 443 965 concitato
468 900 508 964 ad
531 900 660 965 hostem
679 901 817 966 vehitur.
855 925 951 987 quem
973 906 1086 989 procul

74 987 176 1072 Aspis
202 987 403 1072 conspiciens
427 988 467 1053 ad
491 1009 525 1053 se
547 988 706 1053 ferentem
728 991 932 1073 pertimescit
948 997 1048 1078 atque
1068 1016 1087 1058 a
1158 1009 1165 1021 ·

76 1081 197 1142 conatu
211 1077 384 1142 resistendi
398 1077 572 1142 detem'tus
588 1098 658 1142 sese
672 1078 803 1142 dedidit.
830 1080 916 1146 hunc
929 1080 1085 1148 Datames

75 1166 223 1231 vinctum
246 1165 286 1230 ad
309 1186 420 1250 regem
443 1165 622 1230 ducendum
645 1166 746 1230 tradit
769 1165 962 1233 Mithridati.

165 1253 256 1318 Haec
283 1254 360 1318 dum
388 1257 558 1339 geruntur,
590 1253 788 1319 Artaxerxes
816 1257 1039 1343 reminiscens,
1067 1271 1125 1337 a5

76 1346 201 1426 quanto
223 1341 310 1407 bello
334 1342 375 1406 ad
398 1363 496 1425 quam
518 1364 652 1425 parvam
675 1364 743 1406 rem
766 1343 945 1428 principem
968 1347 1086 1412 ducum

75 1430 231 1515 misisset,
253 1451 288 1494 se
310 1429 381 1514 ipse
404 1430 611 1514 reprehendit
629 1435 663 1493 et
680 1431 831 1495 nuntium
850 1432 890 1495 ad
909 1435 1086 1499 exercitum

75 1518 169 1584 Acen
191 1518 296 1607 misit,
324 1519 410 1601 quod
437 1519 581 1583 nondum
604 1517 766 1582 Datamen
787 1519 971 1601 profectum
993 1525 1086 1605 puta-

75 1607 145 1692 bat,
168 1606 225 1690 qui
248 1607 379 1691 diceret,
401 1627 441 1671 ne
465 1608 505 1672 ab
530 1606 673 1671 exercitu
691 1605 878 1670 discederet.
912 1607 965 1672 hic
982 1609 1085 1691 prius-

77 1716 176 1779 quam
199 1695 396 1779 pcrveniret,
424 1715 488 1778 quo
512 1698 583 1759 erat
604 1693 784 1777 profectus,
811 1694 846 1758 in
873 1694 989 1759 itinere
1013 1717 1085 1761 con-

76 1783 176 1868 venit,
191 1783 247 1867 qui
260 1782 378 1867 Aspim
392 1783 562 1848 ducebant.
586 1804 650 1866 qua
664 1782 830 1848 celeritate
845 1804 919 1848 cum
932 1804 1085 1870 magnam
1103 1816 1119 1864 ρ

76 1871 331 1938 benivolentiam
362 1872 450 1957 regis
477 1870 634 1936 Datames
665 1875 857 1937 consecutus
891 1876 989 1958 esset,
1018 1895 1086 1940 non

77 1961 237 2026 minorem
256 1960 411 2025 invidiam
430 1959 609 2025 aulicorum
624 1960 759 2045 excepit,
778 1960 864 2044 quod
877 1961 971 2027 illum
984 1984 1085 2027 unum

76 2048 182 2133 pluris
202 2070 300 2133 quam
318 2070 352 2113 se
371 2070 484 2114 omnes
505 2048 575 2113 fieri
593 2048 755 2113 ridebant.
790 2070 854 2132 quo
873 2050 962 2115 facto
977 2051 1085 2116 cuncti

77 2137 119 2203 ad
141 2159 216 2202 eum
239 2136 485 2221 opprimendum
509 2141 748 2202 consenserrmt.
788 2137 868 2201 haec
891 2137 1119 2225 Pandantes,3

77 2247 177 2312 gazae
209 2229 319 2291 custos
351 2225 473 2311 regiae,
505 2225 628 2290 amicus
660 2224 808 2307 Datami,
840 2226 1022 2310 perscripta
1055 2227 1084 2292 ei

77 2314 197 2399 mittit,
226 2313 261 2379 in
284 2313 401 2398 quibus
425 2314 520 2378 docet
543 2335 617 2378 eum
640 2314 674 2376 in
696 2332 815 2396 magno
839 2311 908 2376 fore
930 2313 1084 2397 periculo,

77 2404 106 2468 si
130 2402 209 2487 quid
231 2402 289 2467 illo
311 2402 494 2486 imperante
518 2401 643 2466 adversi
672 2400 707 2464 in
729 2398 880 2485 Aegypto
905 2399 1083 2465 accidisset.

76 2512 217 2575 namque
240 2511 312 2555 eam
336 2512 406 2556 esse
425 2489 689 2556 consuetudinem
707 2487 840 2572 regiam,
863 2491 901 2551 ut
919 2508 1012 2552 casus
1032 2488 1084 2551 ad-
1101 2520 1119 2566 4

77 2600 189 2645 versos
220 2578 408 2644 hominibus
436 2579 597 2661 tribuant,
629 2576 785 2642 secundos
815 2574 965 2639 fortunae
993 2597 1084 2640 suae:

78 2689 141 2754 quo
170 2667 241 2732 ficri
268 2671 306 2732 ut
332 2667 428 2733 facila
455 2667 666 2750 impellantur
693 2665 734 2728 ad
760 2685 872 2729 eorum
898 2663 1084 2749 perniciem,

78 2777 216 2842 quorum
239 2755 338 2822 ductu
359 2777 411 2821 res
434 2755 519 2819 male
542 2758 653 2840 gestae
675 2752 874 2818 nuntientur.
910 2752 1003 2817 illum
1021 2754 1084 2818 hoc

77 2845 200 2910 maiore
223 2843 294 2910 fora
316 2843 351 2909 in
374 2843 572 2926 discrimine,
596 2843 694 2926 quod,
723 2841 840 2925 quibus
863 2863 920 2905 rex
943 2842 1083 2907 maxime

77 2933 239 3018 oboediat,
258 2954 313 2998 eos
332 2933 452 2997 habeat
470 2931 721 2996 inimicissimos.
753 2930 874 2995 talibus
893 2930 949 2995 ille
962 2930 1082 2996 litteris
1102 2963 1118 3012 5

76 3021 233 3108 cognitis,
257 3043 330 3087 cum
352 3021 419 3085 iam
443 3020 483 3085 ad
507 3020 683 3084 exercitum
706 3018 796 3084 Acen
819 3019 974 3102 venisset,
997 3018 1082 3101 quod

75 3131 141 3176 non
163 3109 340 3196 ignorabat
363 3130 401 3174 ea
422 3129 497 3172 vere
521 3108 651 3192 scripta,
674 3107 851 3172 desciscere
874 3129 894 3170 a
916 3126 992 3190 rege
1010 3127 1083 3169 con·

77 3199 136 3264 stit
163 3197 197 3264 ‘t
242 3219 347 3282 neque
370 3201 481 3262 tamen
504 3195 677 3279 quicquam
700 3194 791 3280 fecit,
821 3194 907 3278 quod
934 3193 996 3256 fide
1024 3212 1083 3255 sua

75 3292 162 3354 esset
180 3285 360 3372 indignum.
394 3306 470 3350 nam
489 3283 709 3348 Mandroclem
723 3282 910 3368 Magnetem
928 3279 1083 3344 exercitui
1101 3313 1117 3362 3

74 3374 247 3461 praefecit3
269 3375 339 3459 ipse
363 3394 436 3439 cum
459 3372 526 3438 suis
549 3372 584 3435 in
598 3370 835 3455 Cappadociam
854 3367 990 3431 discedit
1011 3388 1083 3432 con·

74 3463 286 3547 iunctamque
308 3462 385 3528 huic
407 3460 664 3545 Paphlagoniam
691 3460 841 3541 occupat,
871 3455 997 3536 celans,
1019 3476 1091 3535 <rua

73 3554 245 3621 voluntate
264 3554 351 3616 essct
367 3550 402 3616 in
420 3570 542 3638 regem.
580 3547 667 3615 clam
686 3567 765 3613 cum
780 3543 1012 3610 hriohamane
1024 3537 1120 3667 &pexa

932 3643 966 3693 ψ
