2400 3922
351 222 386 276 ΙΙ.
405 220 686 277 THEMISTOGLES.
715 229 809 277 8-10.
1042 224 1083 287 13

73 386 192 430 navem
215 365 323 429 tenuit
345 365 380 429 in
402 365 529 430 ancoris
548 387 652 449 neque
671 387 866 449 quemquam
885 388 924 430 ex
942 389 979 431 ca
999 368 1084 431 exire

73 475 192 538 passus
217 457 276 517 est.
315 453 389 517 inde
411 452 580 537 Ephesum
602 453 750 537 pervenit
772 454 882 536 ibique
904 454 1085 520 Themisto

74 542 160 607 clem
188 541 330 624 exponit.
381 540 432 606 cui
464 541 520 604 ille
549 563 609 624 pro
640 541 765 605 meritis
797 545 913 624 postea
943 543 1084 627 gratiam

74 628 215 695 rettulit.

166 715 243 781 Scio
261 717 433 801 plerosque
451 717 500 780 ita
518 716 696 801 scripsisse,
714 716 967 782 Themistoclem
980 716 1085 781 Xerxe
1103 721 1123 785 9

75 808 235 892 regnante
253 803 289 869 in
302 803 417 869 Asiam
435 804 602 868 transisse.
635 805 691 869 sed
705 826 765 890 ego
779 805 988 889 potissimum
1001 805 1086 869 Thu·

76 893 186 977 cydidi
210 892 314 975 eredo,
337 892 424 975 quod
446 896 476 956 et
496 895 604 956 aetate
626 893 793 976 proximus
812 893 850 958 de
869 893 919 976 iis,
942 893 998 976 qui
1015 893 1086 957 illo·

75 1003 151 1046 rum
168 985 355 1063 temporum
372 979 546 1044 historiam
564 980 776 1065 reliquenmt,
799 985 832 1045 et
850 981 993 1045 eiusdem
1011 981 1086 1045 civi-

76 1069 158 1134 tatis
186 1067 260 1132 fuit.
304 1068 334 1132 is
362 1070 472 1132 antem
500 1067 547 1131 ait
576 1068 617 1132 ad
639 1067 840 1134 Artaxerxen
864 1090 938 1134 eum
960 1069 1086 1134 venisse

77 1162 177 1240 atque
196 1155 249 1220 his
267 1155 376 1220 verbis
395 1155 569 1239 epistulam
583 1156 725 1221 misisse:
748 1156 999 1222 ‘Themistocles
1013 1156 1087 1221 reni
1105 1175 1121 1224 2

77 1245 117 1309 ad
140 1248 185 1328 te,
209 1242 265 1326 qui
283 1243 424 1327 plurima
442 1244 528 1307 mala
547 1245 692 1308 omnium
711 1243 884 1310 Graiorum
901 1245 936 1308 in
954 1246 1088 1310 domum

77 1338 170 1397 tuam
207 1330 319 1414 intuli,
356 1331 511 1414 quamdiu
544 1332 625 1396 mihi
656 1354 787 1398 necesse
821 1332 885 1397 fuit
917 1334 1087 1398 adversum

76 1425 207 1504 patrem
221 1423 314 1483 tuum
328 1419 449 1484 bellare
463 1420 667 1503 patriamque
681 1441 788 1485 meam
802 1421 979 1485 defendere.
1001 1422 1088 1486 idem
1105 1440 1122 1488 s

77 1508 185 1572 multo
207 1507 304 1589 plura
325 1507 412 1571 bona
433 1506 510 1589 feci,
532 1510 707 1590 postquam
730 1509 764 1571 in
787 1512 860 1572 tuto
883 1509 953 1590 ipse
976 1512 1010 1572 et
1031 1510 1087 1572 ille

78 1595 753 1767 lldllddrircilldlidsdgrrdoesldlsimiirvamfaccllldl,
776 1593 912 1744 1lllttirsisa
913 1599 1088 1745 nduhdvddil

78 1772 199 1836 tiorem
221 1768 285 1834 feci
311 1769 344 1833 id
367 1770 420 1854 agi
443 1773 481 1833 ut
502 1791 600 1853 pons,
629 1792 725 1853 quem
751 1770 786 1833 in
808 1769 1022 1852 Hellesponto
1045 1769 1088 1833 fe

79 1863 183 1942 cerat,
215 1857 447 1922 dissolveretur
474 1860 571 1940 atque
600 1859 640 1922 ab
671 1858 823 1922 hostibus
851 1857 1088 1922 circumiretur:

79 1969 144 2031 quo
172 1945 289 2011 nuntio
317 1945 373 2008 ille
400 1944 545 2027 periculo
573 1949 623 2010 est
654 1946 821 2010 liberatus.
865 1967 951 2011 nunc
979 1950 1123 2013 auteme

79 2033 214 2119 confligi
232 2032 273 2096 ad
291 2036 325 2097 te
339 2033 523 2118 exagitatus
538 2055 557 2096 a
571 2038 688 2098 cuncta
702 2032 847 2118 Graecia,
864 2037 956 2098 tuam
974 2038 1088 2118 petens

80 2121 276 2188 amicitiam:
299 2141 397 2203 quam
416 2121 445 2185 si
464 2142 518 2186 ero
534 2122 679 2205 adeptus,
696 2143 763 2186 non
776 2122 883 2186 minus
898 2142 949 2185 me
965 2124 1088 2188 bonum

80 2211 224 2276 amicum
245 2208 392 2291 habebis,
414 2230 512 2292 quam
534 2209 654 2273 fortem
675 2210 843 2274 inimicum
861 2209 916 2274 ille
935 2216 1088 2294 expertus

80 2304 140 2364 est.
173 2302 208 2362 te
227 2301 337 2362 antem
355 2309 455 2382 rogo,'
468 2301 506 2361 ut
524 2297 563 2361 de
581 2297 621 2361 iis
641 2296 747 2380 rebus,
766 2318 845 2380 quas
865 2301 973 2362 tecum
992 2300 1088 2362 collo·

81 2387 138 2470 qui
165 2385 255 2468 volo,
282 2406 424 2449 annuum
452 2384 533 2449 mihi
560 2388 689 2467 tempus
716 2384 772 2447 des
795 2405 897 2466 eoque
920 2388 1087 2449 transacto

81 2475 121 2539 ad
146 2477 180 2538 te
203 2473 312 2538 venire
334 2471 492 2556 patiaris?

169 2559 277 2625 Huius
295 2581 352 2624 rex
370 2561 470 2626 animi
488 2558 744 2646 magnitudinem
763 2557 925 2622 admirans
944 2559 1142 2643 cupiens-10

80 2671 144 2734 qne
176 2649 278 2713 talem
307 2649 413 2713 virum
446 2648 509 2713 sibi
539 2646 705 2713 conciliari
732 2645 860 2711 veniam
891 2645 987 2711 dedit.
1032 2647 1088 2712 ille

80 2758 177 2802 omne
196 2736 278 2800 illud
295 2739 425 2820 tempus
443 2735 565 2800 litteris
579 2735 783 2818 sermonique
797 2733 971 2799 Persarum
987 2735 1088 2800 dedit:

79 2825 200 2908 quibus
221 2824 300 2889 adeo
319 2825 465 2888 eruditus
484 2827 543 2907 est,
565 2828 603 2888 nt
620 2824 725 2888 multo
744 2823 944 2889 commodius
963 2824 1089 2891 dicatur

80 2912 432 3066 ttssldttttlt
445 2911 1123 3066 feliitullalulaPilfatlaqulnl2

80 3088 166 3153 citus
191 3087 478 3173 gratissimumque
501 3087 591 3170 illud,
614 3088 642 3151 si
664 3087 731 3151 suis
749 3087 800 3150 uti
819 3020 962 3152 cgolnsiliis
981 3024 1089 3171 vldllet,

79 3176 174 3241 illurn
195 3174 365 3240 Graeciam
383 3175 470 3240 bello
490 3196 727 3259 oppressurum,
750 3176 876 3261 magnis
901 3176 1087 3240 muneribus

80 3264 121 3328 ab
146 3263 329 3328 Artaxerxe
352 3264 491 3328 donatus
513 3264 549 3327 in
568 3263 682 3328 Asiam
705 3263 802 3327 rediit
825 3262 1087 3345 domiciliumque

80 3349 270 3438 Magnesiae
293 3351 356 3416 sibi
376 3351 556 3416 constituit.
590 3372 730 3434 namque
748 3350 832 3415 hanc
850 3350 963 3412 urbem
982 3350 1012 3411 ei
1030 3371 1087 3414 rex
1106 3366 1121 3414 3
1183 3348 1184 3352 ’

81 3439 228 3524 donarat,
249 3439 302 3504 his
326 3440 454 3522 quidem
478 3439 599 3522 verbis,
622 3452 703 3523 quae
726 3437 756 3501 ci
778 3457 894 3520 panem
917 3436 1087 3517 praeberet

82 3523 134 3612 (ex
158 3548 223 3613 qua
245 3527 376 3614 regione
389 3527 631 3629 ¹quinquagena
655 3526 787 3592 talenta
811 3523 996 3606 quotannis
1016 3524 1106 3582 aad»
