2400 3922
113 222 156 285 48
413 219 487 274 mu.
507 218 724 276 muoruuus
753 226 777 277 a.
797 228 822 275 4.

114 365 264 449 suspicax
282 364 324 428 ob
344 383 479 446 eamque
502 383 570 428 rem
593 362 734 446 mobilis,
758 363 970 450 adversarius,
992 367 1122 433 invidus

113 451 249 539 (etenim
283 451 432 535 potentia
464 450 498 515 in
530 450 651 514 crimen
685 449 877 537 vocabatur)
910 453 1042 518 domum
1075 478 1123 521 re

112 545 221 606 vocat:
252 542 445 605 accusantur
471 538 676 622 proditionis.
721 537 782 603 hoc
805 539 925 605 iudicio
948 542 1123 609 damnatur

112 627 303 693 Timotheus
320 627 426 711 lisque
446 624 514 690 cius
533 626 725 690 aestimatur
739 631 870 691 centum
889 629 1032 694 talentis.
1065 632 1122 697 ille

113 717 187 782 odio
210 717 359 801 ingratae
382 714 525 779 civitatis
549 715 680 778 exactus
704 712 891 779 Chalcidem
914 737 949 781 se
971 720 1122 786 contulit.

76 804 99 868 4
201 803 308 869 Huius
321 805 398 887 post
412 805 551 866 mortem
566 823 639 866 cum
652 802 809 886 populum
823 802 934 868 iudicii
948 806 999 870 sui
1013 809 1121 890 paeni-

58 935 65 945 .,
112 897 206 976 teret,
229 892 351 956 multae
374 909 490 954 novem
512 894 622 972 partes
645 889 789 953 detraxit
811 894 844 953 et
867 890 977 957 decem
995 895 1121 960 talenta

112 979 287 1062 Cononem,
309 978 414 1041 filium
437 978 519 1061 eius,
542 977 583 1040 'ad
606 977 691 1041 muri
715 977 876 1060 quandam
898 984 1027 1062 partem
1051 984 1120 1047 refi-

86 1068 90 1075 ’
112 1067 258 1132 ciendam
280 1066 377 1130 iussit
399 1065 483 1129 dare.
519 1065 554 1129 in
573 1086 637 1148 quo
655 1064 806 1130 fortunae
824 1066 965 1132 variatas
985 1073 1037 1135 est
1055 1072 1119 1135 ani·

112 1155 288 1218 madversa.
323 1174 400 1217 nam
423 1173 504 1235 quos
529 1173 607 1218 avus
627 1150 767 1234 [Conon]
787 1175 898 1218 muros
917 1176 956 1219 ex
973 1156 1120 1223 hostium

111 1243 230 1326 praeda
252 1241 377 1325 patriae
400 1240 599 1325 restituerat,
623 1241 753 1305 cosdem
775 1262 876 1325 nepos
896 1263 970 1306 cum
993 1265 1119 1311 summa

112 1329 292 1415 ignominia
314 1327 457 1393 familias
476 1350 515 1392 ex
533 1350 593 1393 sua
610 1350 645 1393 re
663 1327 818 1392 familiari
836 1329 967 1395 reficere
986 1337 1118 1399 coactus

77 1423 171 1482 aest.
220 1417 384 1482 Timothei
418 1420 528 1481 autem
561 1417 747 1482 moderatae
779 1417 999 1501 sapientisque
1032 1421 1119 1488 ritae

112 1528 186 1571 cum
207 1507 362 1590 pleraque
384 1504 548 1589 possimus
570 1503 715 1588 proferre
738 1505 941 1589 testimonia,
971 1529 1036 1572 uno
1060 1511 1118 1573 eri·

37 1664 43 1675 .
112 1616 183 1659 mus
208 1594 363 1678 contenti,
386 1592 472 1677 quod
495 1615 535 1657 ex
558 1613 595 1657 co
618 1592 714 1657 facila
738 1592 842 1656 conici
864 1594 996 1678 poterit,
1021 1617 1118 1679 quam

112 1704 205 1747 carus
225 1683 292 1747 suis
310 1681 418 1747 tuerit.
455 1701 528 1745 cum
547 1679 686 1744 Athenis
706 1680 967 1746 adulescentulus
986 1704 1119 1749 causam

111 1771 245 1854 diceret,
267 1791 334 1834 non
357 1768 462 1832 solum
486 1767 580 1832 amici
603 1767 786 1852 privatique
809 1767 956 1852 hospites
979 1771 1118 1836 adeum

111 1857 344 1924 defendendum
376 1859 611 1938 convenerunt,
648 1855 703 1919 sed
735 1855 834 1920 etiam
865 1855 900 1920 in
932 1857 978 1921 eis
1010 1857 1118 1945 Iason,

111 1950 269 2029 tyrannus
297 1941 496 2026 Thessaliae,
529 1943 584 2025 qui
616 1942 673 2007 illo
704 1946 850 2027 tempore
879 1942 944 2008 fuit
971 1947 1117 2013 omnium

76 2031 367 2116 apotentissimus.
408 2029 462 2095 hic
486 2051 559 2094 cum
582 2029 617 2095 in
638 2031 747 2114 patria
769 2031 839 2096 sine
862 2031 1060 2099 satellitibus
1084 2057 1117 2101 se

112 2123 221 2183 tutum
246 2141 313 2184 non
340 2118 568 2202 arbitraretur,
596 2116 742 2183 Athenas
771 2119 840 2184 sine
863 2119 931 2185 ullo
954 2123 1116 2205 pracsidio

110 2207 200 2272 venit
232 2207 380 2290 tantique
412 2206 577 2290 hospitem
607 2205 699 2290 fecit,
731 2211 768 2271 ut
796 2207 909 2271 mallet
936 2229 971 2272 se
999 2210 1116 2294 capitis

109 2295 289 2380 periculum
316 2295 403 2360 adire
432 2316 530 2378 quam
556 2293 728 2359 Timotheo
757 2294 796 2358 de
829 2294 916 2359 fama
947 2295 1117 2363 dimicanti

110 2385 229 2450 deesse.
261 2386 347 2449 hunc
366 2383 518 2448 adversus
537 2386 648 2446 tamen
660 2380 851 2447 Timotheus
870 2386 986 2466 postea
1003 2386 1117 2469 populi

109 2473 202 2538 iussu
220 2472 343 2537 bellum
362 2472 479 2557 gessit:
501 2470 626 2555 patriae
644 2471 725 2535 enim
744 2470 909 2535 sanctiora
927 2471 999 2536 iura
1019 2494 1116 2556 quam

109 2561 245 2646 hospitii
269 2582 339 2626 esse
362 2560 462 2624 duxit

73 2663 91 2713 4
182 2647 287 2713 ·Haec
310 2652 455 2712 extrema
481 2646 544 2711 fuit
567 2649 656 2710 aetas
684 2645 917 2728 imperatorum
940 2645 1116 2713 Athenien-

111 2738 204 2818 sium,
214 2734 576 2818 Iphicratisfsshabriae,
590 2732 763 2817 Timothei,
776 2755 880 2818 neque
894 2738 971 2817 post
984 2733 1116 2800 illorum

111 2823 237 2887 obitum
256 2823 428 2905 quisquam
445 2822 510 2886 dux
528 2821 562 2885 in
575 2820 633 2883 illa
645 2821 725 2884 urbe
739 2820 803 2885 fuit
817 2822 933 2907 dignus
948 2824 1114 2888 memoria

74 2926 90 2975 5
198 2908 304 2974 Venio
335 2931 421 2975 nunc
453 2908 493 2972 ad
529 2907 745 2972 fortissimum
777 2909 883 2973 virum
919 2910 1116 2994 maximique

110 2997 237 3065 consilii
260 2997 404 3062 omnium
426 2997 650 3080 barbarorum,
672 2997 814 3096 exceptis
833 2996 958 3062 duobus
977 2996 1116 3062 Kartha·

74 3086 310 3259 “lttssltltf
311 3137 320 3171 '
328 3082 695 3258 ttltttdtt
695 3084 781 3237 Tull
805 3083 1006 3266 tastis
1014 3086 1117 3257 ,313

110 3286 172 3348 que
196 3269 229 3329 ct
253 3284 304 3348 ca,
327 3283 408 3346 quac
431 3281 585 3346 prospere
608 3261 638 3324 ei
661 3264 844 3345 cesserunt,
865 3282 932 3325 non
955 3261 1117 3345 magnitu-

109 3353 183 3418 dine
198 3352 373 3436 copiarum,
396 3350 452 3416 scd
471 3348 606 3432 consilii,
628 3370 691 3432 quo
711 3352 781 3412 tum
800 3369 912 3412 omnes
932 3349 1117 3432 superabat,

105 3439 308 3505 acciderunt:
332 3461 469 3523 quorum
492 3437 556 3504 nisi
578 3437 663 3501 ratio
683 3436 844 3520 explicata
862 3435 970 3520 fuerit,
994 3457 1045 3501 res
1064 3457 1116 3517 ap·

82 3542 209 3597 parcre
230 3549 300 3593 non
320 3531 494 3612 poterunt.

510 3648 727 3665 m
