2400 3922
116 221 136 284 6
446 218 467 272 1.
490 216 693 276 nrurnnus.
721 225 745 273 ι.
765 224 790 272 ι.

77 364 97 428 6
205 360 304 428 Ouius
327 361 483 426 victoriae
507 383 572 426 non
595 361 737 426 alienum
759 361 887 426 videtur
913 362 1007 446 quale
1035 384 1124 445 prae·

115 451 218 514 mium
240 449 383 514 Miltiadi
410 450 455 515 sit
482 449 645 514 tributum
672 449 800 533 docere,
830 471 893 533 quo
921 449 1050 515 facilius
1078 450 1123 513 in·

116 538 229 624 tellegi
246 537 353 622 possit
371 538 506 602 eandem
524 537 669 601 omnium
688 537 859 602 civitatum
878 559 948 602 esse
962 541 1122 602 naturam.

81 641 97 689 ι
115 630 153 690 ιιι
172 627 259 691 enim
276 625 390 710 populi
407 624 548 689 Romani
565 624 706 689 honores
725 625 888 709 quondam
906 625 1039 690 fuerunt
1057 627 1123 690 rari

116 719 150 779 et
179 718 291 779 tenues
320 714 361 777 ob
390 734 525 795 eamque
555 734 687 777 causam
717 714 868 800 gloriosi,
899 734 984 778 nunc
1013 717 1123 778 autern

115 802 209 867 effusi
227 806 325 885 atque
344 800 493 884 obsoleti,
516 800 562 865 sic
581 801 661 865 olim
678 802 764 885 apud
781 801 999 866 Athenienses
1022 800 1121 865 fuisse

80 905 96 954 8
116 891 303 974 reperimus
334 909 474 970 namque
491 888 568 952 huic
586 887 737 972 Miltiadi,
760 890 880 973 quit
834 889 880 954 At
881 888 981 953 henas
1004 892 1121 954 totam

116 1000 177 1062 que
202 976 372 1041 Graeciam
398 976 571 1060 liberarat,
593 977 670 1040 talis
697 977 802 1041 honos
825 978 969 1042 tributus
998 981 1062 1060 est,
1088 977 1123 1040 in

114 1066 257 1147 portion,
280 1085 362 1147 quae
385 1062 514 1128 Poecile
537 1067 685 1147 vocatur,
709 1086 783 1129 cum
804 1086 915 1150 pugna
937 1064 1122 1150 depingere-

114 1156 169 1216 tur
187 1151 403 1251 Marathonia,
421 1152 485 1215 ut
476 1173 511 1216 ιιι
529 1151 639 1216 decem
656 1115 845 1235 plaetorum
862 1174 998 1217 numero
1016 1153 1123 1236 prima

115 1239 183 1303 eius
211 1239 320 1324 imago
347 1239 559 1323 poneretur
550 1260 642 1322 rsque
670 1240 819 1304 hortaret
805 1244 859 1304 tur
882 1240 968 1304 milit
954 1244 1004 1305 tes
1031 1262 1121 1324 pree

79 1326 258 1409 sliumque
282 1327 512 1391 committeret.
548 1327 634 1391 idem
656 1328 712 1391 ille
735 1329 884 1412 populus,
906 1332 1120 1412 posteaquam

113 1414 219 1479 maius
237 1415 410 1499 imperium
428 1418 479 1479 est
496 1418 612 1480 nactus
627 1419 660 1479 et
679 1413 854 1502 laigitione
869 1416 1123 1501 magistratuum

114 1507 286 1587 corruptus
318 1507 384 1588 est,
416 1507 580 1568 trecentas
613 1508 739 1569 statuas
767 1503 935 1568 Demetrio
962 1503 1122 1567 Phalereo

115 1591 307 1656 decrevit.-

75 1679 94 1744 'l
202 1679 284 1745 Post
309 1680 373 1745 hoc
399 1681 560 1763 proelium
587 1679 724 1742 classem
752 1677 959 1760 septuaginta
988 1676 1122 1739 navium

113 1767 329 1832 Athenienses
349 1765 452 1830 eidem
470 1764 612 1829 Miltiadi
634 1763 799 1845 dederunt,
820 1766 859 1826 ut
881 1761 1014 1844 insulas,
1038 1783 1121 1844 quae

113 1856 270 1919 barbaros
294 1852 491 1934 adiuverunt,
513 1851 598 1913 bello
621 1853 876 1933 persequeretur.
918 1871 982 1932 quo
1004 1851 1040 1913 ιιι
1064 1850 1121 1914 im-

113 1943 203 2025 perio
230 1940 402 2027 plerasque
430 1937 470 2001 ad
497 1936 641 2002 officium
668 1937 771 2000 redire
799 1938 921 2024 codgit,
947 1938 1121 2002 nonnullas

77 2028 146 2094 avi
169 2024 375 2125 expugnavit
417 2046 456 2089 ex
477 2024 530 2089 his
553 2024 674 2090 Parum
696 2025 838 2090 insulam
860 2025 976 2110 opibus
1001 2027 1066 2090 elat
1052 2030 1121 2090 tam

114 2136 188 2180 cum
211 2113 358 2178 oratione
381 2113 589 2178 reconciliare
612 2135 679 2178 non
704 2118 830 2199 posset,
858 2115 970 2197 copias
994 2136 1011 2178 e
1033 2115 1120 2179 navi·

113 2203 174 2266 bus
194 2200 313 2284 eduxit,
331 2201 445 2266 urbem
464 2202 615 2285 operibus
635 2202 752 2266 clausit
771 2203 922 2286 omnique
937 2207 1122 2268 commeatu

112 2290 267 2375 privavit,
294 2288 369 2354 dein
396 2289 498 2355 vineis
527 2312 564 2355 ac
590 2290 809 2356 testudinibus
833 2291 1021 2356 constitutis
1048 2312 1119 2374 pro·

79 2379 187 2464 apius
211 2400 322 2443 muros
346 2379 491 2444 accessit.
528 2400 602 2445 curn
619 2379 686 2444 iam
703 2380 739 2444 in
761 2401 799 2444 eo
823 2383 919 2461 esset,
940 2383 978 2443 ut
1002 2379 1120 2462 oppido

113 2468 288 2553 potiretur,
319 2468 432 2552 procul
459 2468 495 2533 in
521 2467 701 2533 continenti
727 2468 833 2550 lucus,
860 2467 916 2550 qui
944 2488 983 2531 ιιι
1014 2467 1122 2531 insula

115 2556 384 2640 conspiciebatur,
406 2555 515 2620 nescio
539 2577 603 2638 quo
627 2576 705 2620 casu
725 2559 885 2620 nocturno
909 2558 1055 2638 tempore
1074 2555 1121 2619 in·

113 2666 230 2710 census
248 2648 307 2708 est.
344 2643 434 2708 cuius
453 2643 640 2707 flammant
658 2643 699 2707 ab
719 2642 888 2743 oppidanis
907 2646 941 2707 et
959 2663 1121 2743 oppugna·

115 2731 243 2796 toribus
267 2734 317 2793 est
340 2729 410 2793 ιιιι
413 2729 591 2813 ,utrisque
614 2730 761 2794 venitm
784 2730 969 2813 opinionem
992 2731 1122 2816 signum

80 2835 97 2884 4
116 2841 135 2883 a
154 2816 329 2882 classiariis
352 2816 452 2902 regiis
474 2815 596 2881 datum
631 2838 694 2900 quo
713 2816 838 2883 factum
856 2823 907 2882 est
925 2822 963 2882 ut
981 2821 1015 2881 et
1032 2817 1121 2883 Parii

116 2928 136 2969 a
149 2904 312 2969 deditione
326 2903 565 2969 deterrerentur
579 2908 613 2968 et
626 2903 801 2989 Miltiades,
819 2906 938 2970 timens
951 2927 992 2970 ne
1007 2906 1120 2971 classis

115 2993 206 3078 regia
220 2992 444 3077 adventaret,
436 2993 576 3058 moensis
590 2993 752 3076 operibus,
767 3015 849 3077 quae
863 2997 930 3058 stat
932 2998 1034 3078 uerat,
1049 3017 1122 3059 curn

115 3079 254 3145 totidem
276 3044 418 3145 navibus²
438 3085 535 3164 atque
558 3084 629 3145 erat
651 3080 816 3165 profectus
835 3081 982 3146 Athenas
1004 3104 1122 3169 magna

81 3185 98 3234 ι
117 3191 191 3236 cum
209 3167 432 3233 offensione
405 3169 524 3234 civium
543 3190 675 3234 suorum
694 3170 822 3234 rediret
800 3174 1029 3235 taccusatus
1044 3192 1122 3257 ergo

116 3261 167 3322 est
194 3257 403 3342 proditionis,
426 3257 526 3340 quod,
555 3279 629 3321 cum
651 3256 772 3322 Parum
795 3278 978 3342 expugnare
1002 3264 1123 3343 posset,

116 3367 234 3431 arege
258 3349 430 3429 corruptus
453 3344 582 3409 infectis
606 3346 702 3410 rebus
730 3346 940 3411 discessisset.
982 3368 1020 3411 eo
1043 3350 1123 3412 tenr-

115 3455 194 3517 pore
213 3455 310 3519 aeger
328 3456 384 3499 era
384 3433 608 3516 tvulneribus,
627 3455 709 3516 quae
722 3434 758 3498 in
771 3433 988 3518 oppugnando
1003 3436 1123 3519 oppido

107 3527 290 3599 acceperat.
327 3523 442 3606 itaque
461 3521 623 3606 cumipse
645 3543 705 3605 pro
729 3543 763 3587 se
787 3521 892 3586 dicere
914 3543 980 3586 non
1002 3527 1124 3607 posset,
