2400 3922
114 229 157 292 '10
439 224 523 280 XVII.
536 223 747 291 ,euasurus
775 231 800 281 8.

113 372 232 458 ignoti,
264 370 381 435 faeiem
408 370 477 435 eius
505 391 578 434 cum
609 369 825 452 intuerentur,
853 371 1119 453 contemnebant3

114 461 170 544 qui
192 462 302 525 autem
329 458 467 523 virtutes
494 460 665 541 neverant,
691 479 758 522 non
783 461 937 541 poterant
965 458 1118 522 admirari

78 564 95 614 2
115 548 204 612 satis.
236 546 322 630 quod
341 547 371 611 ei
389 568 450 611 usu
468 545 565 630 venit,
589 566 662 610 cum
680 566 839 611 armorum
858 546 1028 630 octoginta
1046 547 1119 611 sub-

115 636 196 701 sidio
215 635 325 700 Tacho
348 635 383 698 in
400 634 588 720 Aegyptum
610 634 723 698 missas
741 637 828 698 esset
846 637 880 698 et
898 634 933 698 in
951 639 1025 699 aeta
1045 655 1118 699 cunr

114 724 182 790 suis
209 723 413 789 accubuisset
439 722 509 786 sine
536 721 603 785 ullo
631 724 720 786 tecto
750 725 954 806 stratumque
983 723 1119 788 haberet

113 813 193 896 tale,
220 815 258 876 ut
285 816 373 876 terra
400 813 487 874 tecta
514 812 601 874 esset
629 810 816 874 stramentis
840 831 944 894 neque
967 811 1031 876 huc
1055 833 1119 875 am-

112 900 198 983 plius
227 920 324 982 quam
351 898 446 982 pellis
475 901 562 961 esset
588 896 721 980 iniecta,
749 898 862 962 eodem
889 920 953 981 quo
982 899 1118 964 comites

114 1009 225 1053 omnes
249 985 370 1051 uestitu
392 985 508 1050 humili
532 989 629 1068 atque
654 985 812 1070 obsoleto,
834 990 872 1050 ut
895 1008 1007 1051 eorum
1029 1009 1119 1052 orna·

114 1079 167 1140 tus
189 1096 256 1139 non
278 1073 373 1138 modo
397 1072 431 1136 in
450 1074 496 1136 eis
519 1093 630 1157 regem
647 1073 811 1143 neminem
830 1074 1040 1158 significaret,
1064 1075 1119 1138 sed

112 1162 261 1227 homines
284 1181 345 1226 asse
366 1181 432 1225 non
459 1160 667 1225 beatissimos
698 1161 916 1245 suspicionem
938 1162 1119 1246 praeberet.

78 1250 208 1314 ehuius
236 1250 275 1313 de
303 1248 443 1313 adventu
469 1246 557 1313 fama
584 1269 658 1313 cum
681 1247 722 1312 ad
743 1249 852 1334 regios
876 1253 962 1315 esset
984 1251 1120 1333 perlata,

113 1338 262 1404 celeriter
284 1357 418 1401 munera
440 1357 478 1401 eo
503 1335 658 1420 cuiusque
681 1337 809 1421 generis
829 1342 905 1403 sunt
924 1338 1032 1403 allata.
1067 1338 1119 1402 his

114 1425 344 1509 quaerentibus
358 1424 550 1509 Agesilaum
567 1424 622 1488 vix
639 1424 719 1490 fides
742 1424 829 1490 facta
848 1430 908 1510 est,
930 1448 1031 1491 unum
1050 1448 1120 1491 esse

77 1529 152 1579 lex
183 1513 242 1578 iis'
261 1513 318 1596 qui
346 1516 418 1580 tum
445 1512 656 1577 accubabant.
712 1513 767 1596 qui
795 1535 869 1579 cum
896 1514 983 1598 regis
1012 1514 1119 1579 verbis

114 1623 196 1686 quae
224 1603 403 1666 attulerant
434 1599 612 1685 dedissent,
643 1599 699 1665 ille
730 1604 860 1684 praeter
887 1602 1059 1667 vitulinam
1088 1607 1121 1668 et

113 1691 182 1755 eius
206 1690 293 1755 modi
314 1710 436 1775 genera
459 1688 596 1773 obsonii,
619 1710 701 1772 quae
719 1710 871 1772 praesens
891 1693 1020 1773 tempus
1040 1691 1121 1755 desi-

114 1778 257 1862 derabat,
275 1777 359 1842 nihil
378 1777 516 1860 accepite
539 1779 713 1862 unguenta,
732 1797 867 1841 coronas
883 1778 1121 1863 secundamque

78 1879 260 1931 emensam
288 1865 389 1929 servis
417 1864 594 1949 dispertiit,
626 1867 733 1929 cetera
759 1863 873 1931 referri
904 1864 1009 1929 iussit.
1056 1889 1121 1950 quc

114 1953 201 2018 facto
225 1974 299 2017 eum
321 1952 452 2018 barbari
475 1953 580 2038 magis
603 1953 704 2017 etiam
726 1955 1004 2036 contempserunt,
1033 1955 1121 2037 quod

115 2063 188 2105 eum
202 2040 389 2124 ignorantia
402 2040 562 2105 bonarum
576 2062 685 2106 rerum
699 2039 777 2104 vilia
791 2039 999 2125 potissimum
1014 2063 1123 2126 sump-

114 2128 196 2192 sisse
219 2128 472 2193 arbitrabantur.

79 2231 95 2281 e
202 2215 266 2280 Hic
285 2237 358 2281 cum
377 2239 416 2282 ex
428 2217 582 2303 Aegypto
601 2221 825 2301 reverteretur,
848 2218 986 2283 donatus
1006 2239 1026 2281 a
1045 2240 1121 2305 rege

114 2303 337 2370 Nectanabide
356 2305 502 2371 ducentis
521 2305 639 2391 viginti
657 2306 801 2390 talentis,
825 2327 907 2389 quae
925 2305 980 2369 ille
995 2307 1122 2372 muneri

113 2394 234 2478 populo
259 2415 317 2461 suo
340 2393 440 2478 daret,
463 2393 667 2478 venissetque
690 2394 884 2479 importum,
907 2393 963 2477 qui
982 2393 1122 2460 Menelai

115 2486 262 2566 vocatur,
285 2483 393 2548 iacens
417 2483 503 2548 inter
526 2480 669 2566 Cyrenas
693 2486 726 2546 et
748 2483 951 2568 Aegyptum,
981 2482 1016 2546 in
1039 2504 1122 2548 mer·

80 2569 193 2634 tbum
216 2570 394 2654 implicitus
417 2568 563 2636 decessit.
597 2570 645 2634 ibi
664 2592 738 2635 eum
762 2571 866 2653 amici,
890 2591 953 2653 quo
970 2568 1121 2654 Spartam

114 2655 242 2723 facilius
264 2658 407 2742 perferre
424 2662 567 2742 possent,
591 2658 676 2741 quod
691 2657 835 2723 melnen
851 2657 1025 2743 habebant,
1049 2681 1121 2725 cera

115 2745 389 2810 circumfuderunt
413 2751 510 2830 atque
533 2747 581 2811 ita
603 2746 736 2811 domum
755 2745 961 2811 rettulerunt.
1047 2791 1051 2798 .

283 3063 292 3080 ·
423 3044 553 3119 XVIII.
581 3044 821 3120 nunnitus,

81 3187 98 3249 1
202 3181 365 3249 Eumenes
393 3180 581 3249 Cardianus.
626 3185 722 3250 huius
751 3186 780 3250 si
807 3186 923 3252 virtuti
954 3209 1014 3271 par
1046 3189 1123 3252 data

115 3275 202 3337 esset
224 3270 370 3356 fortuna,
391 3293 459 3339 non
480 3273 537 3339 ille
560 3273 691 3357 quidem
713 3275 817 3340 maior
840 3276 1013 3359 exclamet,
1037 3276 1125 3359 qued

117 3380 252 3446 magnos
279 3360 428 3427 homines
457 3361 579 3427 virtute
607 3363 773 3447 metimur,
800 3385 866 3428 non
892 3362 1038 3449 senuna,
1068 3364 1126 3430 sed

74 3449 219 3514 amulto
251 3449 412 3516 illustrior
440 3453 538 3535 atque
566 3452 665 3517 etiam
697 3452 897 3517 honoratior.
946 3473 1022 3517 nam
1050 3473 1125 3518 cum

96 3537 197 3596 aetas
217 3536 293 3600 eius
313 3538 489 3623 meidr'sset
508 3540 543 3607 in
561 3561 600 3607 ea
617 3544 778 3626 tempora,
800 3540 916 3623 quibus
931 3537 1125 3606 Macedones
