2400 3922
345 203 379 257 11.
399 202 680 260 THEMISTOCLES.
709 212 732 259 6.
753 211 777 261 t.
1028 206 1067 270 ll

59 348 126 414 sibi
154 369 228 413 cum
255 348 298 411 iis
325 350 490 412 certamen
516 348 594 412 fora.
640 369 739 431 quare
769 370 825 413 eos
855 371 953 433 quam
982 350 1104 415 infir-4

58 435 226 500 missimos
255 455 325 500 esse
352 435 514 499 volebant.
558 439 734 519 postquam
762 440 871 500 autem
898 438 1070 503 audierunt

58 545 171 588 muros
200 523 298 606 strui,
325 523 452 608 legatos
480 522 626 588 Athenas
655 523 827 608 miserunt,
855 525 910 607 qui
938 525 971 589 id
997 525 1069 591 fieri

58 614 217 676 vetarent.
262 611 315 674 his
342 611 568 694 praesentibus
596 611 761 676 desienmt
789 633 826 676 ao
854 632 888 676 se
911 612 950 676 de
974 633 1011 676 aa
1034 634 1069 677 re

58 700 188 785 legatos
217 698 258 763 ad
285 718 341 762 eos
369 698 525 763 missuros
555 698 714 763 dixerunt.
759 700 844 764 hanc
872 700 1104 786 legationemo

59 787 206 870 suscepit
232 785 469 850 Themistocles
497 788 531 849 et
558 787 646 851 solus
675 786 782 870 primo
811 786 977 871 profectus
1006 791 1069 852 cst:

58 875 178 957 reliqui
201 873 304 960 legati
326 876 364 938 ut
387 877 458 937 tum
486 873 623 957 exirent,
651 895 724 938 cum
752 874 833 939 satis
861 875 922 939 alti
949 875 1068 940 tuendo

58 962 146 1027 muri
174 961 332 1026 exstructi
354 960 553 1045 viderentur,
582 962 761 1045 praecepit:
792 963 924 1027 interim
948 984 1069 1047 omnes,

60 1049 146 1116 servi
170 1052 268 1132 atque
291 1049 402 1132 liberi,
426 1069 507 1132 opus
530 1048 675 1114 facerent
696 1070 801 1133 neque
823 1050 883 1114 ulli
906 1052 978 1116 loco
997 1072 1069 1134 par-

57 1141 179 1221 cerent,
203 1137 270 1202 sire
294 1156 385 1202 sacer
407 1136 475 1201 sive
496 1137 643 1220 privatus
662 1141 749 1202 esset
767 1138 835 1203 sira
853 1139 1013 1221 publicus,
1036 1141 1069 1203 et

57 1225 210 1309 undique,
233 1224 320 1308 quod
342 1224 494 1289 idoneum
518 1225 558 1288 ad
581 1224 788 1289 muniendum
810 1229 973 1309 putarent,
996 1247 1069 1291 con·

58 1316 217 1400 gererent.
263 1333 327 1396 quo
354 1312 479 1376 factum
506 1316 557 1376 est
583 1317 621 1376 ut
644 1311 894 1377 Atheniensium
922 1314 1068 1378 murier

59 1401 189 1466 sacellis
213 1399 434 1484 sepulcrisque
457 1403 653 1464 constarent.

148 1487 384 1553 Themistocles
399 1490 518 1571 autem,
531 1490 569 1552 ut
578 1485 853 1552 Lacedaemonem
867 1490 965 1573 venit,
979 1490 1068 1555 adire
1088 1488 1106 1550 l

58 1577 100 1642 ad
122 1577 336 1662 magistratus
358 1575 466 1641 noluit
489 1579 523 1638 et
545 1575 634 1639 dedit
656 1596 797 1659 operam,
818 1580 857 1639 ut
880 1597 979 1659 quam
1001 1578 1069 1640 lon·

58 1665 194 1750 gissime
217 1669 347 1747 tempus
369 1664 511 1747 ducaret,
534 1684 664 1728 causam
687 1663 896 1746 interponens
920 1684 954 1726 se
974 1663 1068 1727 colle

57 1774 117 1839 gas
141 1755 336 1835 exspectare.
383 1773 457 1816 cum
478 1750 726 1816 Lacedaemonii
750 1754 962 1834 quererentur
985 1771 1067 1834 opus
1086 1763 1102 1811 2

56 1839 162 1904 nihilo
185 1840 292 1904 minus
314 1838 386 1902 fieri
409 1860 545 1922 eumque
568 1840 603 1904 in
625 1860 664 1904 ea
686 1860 720 1903 re
745 1839 855 1904 conari
877 1838 1000 1922 fallere,
1022 1839 1068 1903 in·

57 1928 157 1992 terim
186 1927 304 2011 reliqui
332 1927 435 2012 legati
465 1930 542 1991 sunt
572 1927 746 1992 consecuti.
792 1949 812 1991 a
842 1927 961 2010 quibus
994 1948 1068 1992 cum

56 2016 204 2080 audisset
220 2036 287 2078 non
305 2014 446 2078 multum
464 2035 631 2098 superesse
649 2015 850 2098 munitionis,
868 2015 910 2079 ad
928 2015 1067 2098 ephoros

57 2101 389 2204 Lacedaemoniorum
413 2102 559 2187 accessit,
580 2124 679 2186 penes
704 2124 785 2186 quos
810 2124 974 2204 summum
997 2106 1068 2167 erat

56 2191 853 2362 nauculaturcarnut*litt
866 2191 1066 2360 elcath

57 2367 190 2431 mittere
215 2366 346 2450 [quibus
365 2366 444 2429 fides
463 2365 662 2449 haberetur]‚
685 2365 741 2447 qui
760 2386 829 2428 rem
847 2367 1066 2447 explorarent:

57 2455 184 2530 interea
202 2475 236 2518 se
255 2454 401 2518 obsidem
419 2453 604 2518 retinerent.
634 2456 746 2537 gestus
765 2455 817 2515 cst
835 2452 865 2515 ei
884 2473 965 2535 mos,
987 2456 1066 2515 tres·
1085 2465 1101 2513 3

58 2564 119 2626 que
152 2542 254 2628 legati
284 2541 389 2607 functi
421 2542 556 2606 summis
587 2540 765 2605 honoribus
793 2538 941 2603 Athenas
974 2538 1066 2602 missi

57 2633 143 2696 sunt.
179 2651 252 2695 cum
274 2629 328 2693 his
352 2630 494 2714 collegas
518 2650 593 2693 suos
616 2627 852 2693 Themistocles
874 2625 972 2690 iussit
993 2647 1066 2709 pro-

55 2717 160 2784 ficisci
182 2717 286 2801 iisque
308 2717 479 2801 praedixit,
501 2719 601 2781 utne
623 2717 714 2800 prius
737 2714 1065 2781 Lacedaemoniorum

55 2807 186 2892 legatos
217 2805 421 2870 dimitterent
449 2826 547 2888 quam
579 2805 648 2887 ipse
676 2808 763 2869 esset
794 2804 959 2868 remissus.
1004 2803 1101 2867 hos4

56 2898 232 2978 postquam
246 2892 393 2957 Athenas
411 2893 595 2976 pervenisse
609 2896 700 2957 ratus
715 2895 774 2975 est,
793 2891 834 2955 cd
852 2892 1065 2978 magistratus

56 2985 271 3064 senatumque
289 2978 618 3046 Lacedaemoniorum
637 2979 717 3044 adiit
736 2983 770 3044 et
789 2980 874 3064 apud
893 3001 948 3045 eos
971 2979 1066 3045 liber·

55 3070 137 3134 rime
167 3068 335 3152 professus
364 3072 427 3133 est:
462 3067 678 3132 Athenienses
707 3089 765 3132 suo
796 3068 949 3151 consilio,
980 3067 1065 3150 quod

56 3157 222 3223 communi
244 3157 314 3221 iure
338 3157 485 3241 gentium
507 3155 612 3221 lacere
639 3159 789 3239 possent,
817 3155 893 3220 deos
916 3155 1064 3238 publicos

55 3242 1065 3415 trattati?ttttttttttttlttlttl't
1171 3337 1172 3340 ψ

328 3382 337 3415 7

55 3422 136 3486 utile
160 3425 249 3486 esset
272 3418 425 3484 Graeciae
448 3419 572 3484 fecisse.
605 3440 681 3484 nam
704 3418 836 3481 illorum
858 3415 973 3479 urbem
997 3416 1099 3497 [ut]t

55 3508 338 3595 propugnaculum
361 3508 547 3592 oppositum
570 3527 642 3573 esse
667 3503 839 3587 tartaris,
860 3502 955 3585 apud
973 3523 1081 3581 uuam
