2400 3922
405 215 490 275 xxii.
509 185 705 275 samsone.
732 227 757 276 r.
812 255 813 259 κ
1046 224 1090 289 89

79 359 169 444 viris,
191 360 329 444 pecunia
350 364 457 427 totam
479 362 691 446 locupletavit
704 362 858 430 Africam.
889 365 944 432 hic
962 388 1035 432 cum
1053 369 1123 434 ina

80 447 214 512 Italiam
236 449 359 513 bellum
381 449 500 514 inferre
523 450 750 535 meditaretur,
778 474 865 519 nono
889 475 973 519 anno
1000 460 1088 540 post-

81 557 180 620 quam
203 536 238 600 in
259 536 454 621 Hispaniam
476 542 622 623 venerat,
651 539 687 603 in
711 540 835 622 proelio
863 561 1013 627 pugnans
1036 544 1088 608 ad·

79 644 193 690 versus
216 621 377 690 Vettones
400 625 526 690 occisus
549 630 608 691 ost.
642 626 738 693 huius
761 633 955 713 perpetuum
978 630 1123 697 odiuma

81 731 160 797 erga
186 710 351 778 Romanos
380 713 519 778 maxime
547 714 728 780 concitasse
756 716 884 783 videtur
914 718 1088 783 secundum

80 800 204 865 bellum
226 799 409 866 Poenicum.
445 822 584 885 namque
602 801 777 889 Hannibal,
799 805 886 870 filius
909 806 988 890 eius,
1011 806 1089 871 assi·

81 888 153 952 duis
167 889 271 973 patris
285 889 561 955 obtestationibus
575 911 613 956 eo
628 894 680 956 est
697 893 882 977 perductus,
899 897 938 958 ut
953 893 1088 959 interire
1109 923 1112 929 ·

82 998 180 1060 quam
202 975 368 1042 Romanos
390 999 457 1042 non
479 977 619 1059 experiri
642 980 764 1045 mallet.

372 1277 503 1350 XXIII.
531 1277 797 1352 HANNIBAL.

168 1413 348 1498 Hannibal,
370 1413 566 1478 Hamilcaris
589 1414 690 1498 filius,
719 1414 1013 1501 Karthaginiensis.
1059 1419 1126 1486 sil

79 1524 193 1568 verum
216 1506 281 1585 est,
304 1501 393 1601 quod
412 1521 508 1565 nemo
531 1500 676 1602 dubitat,
698 1506 737 1567 ut
759 1503 898 1587 populus
921 1502 1087 1571 Romanus

78 1590 1089 1762 tlhttl⁶tttlt.tttttttttl..ttttttlsst

80 1764 201 1847 dantia,
224 1767 346 1849 quanto
364 1764 504 1849 populus
523 1762 690 1829 Romanus
709 1765 879 1830 antecedat
897 1764 1089 1832 fortitudine

80 1855 214 1918 cunctas
245 1852 402 1917 nationes.
447 1873 524 1917 nam
546 1853 836 1936 quotienscumque
860 1875 934 1918 cum
957 1875 994 1919 eo
1018 1872 1127 1920 oon-s

81 1961 213 2026 gressus
237 1943 288 2004 est
309 1940 345 2004 in
366 1938 474 2024 Italia,
497 1961 624 2025 semper
642 1941 793 2007 discessit
811 1941 967 2026 superior.
1004 1942 1100 2027 quod.

80 2029 145 2093 nisi
177 2027 265 2092 domi
297 2027 416 2092 civium
448 2048 581 2093 suorum
616 2029 738 2094 inuidia
770 2029 960 2095 debilitatus
994 2033 1090 2114 esset,
1176 2078 1181 2086 -

81 2116 246 2180 Romanos
278 2115 407 2180 videtur
438 2136 591 2198 superare
622 2117 777 2200 potuisse.
822 2117 879 2182 sed
911 2117 1090 2183 multorum

82 2203 279 2268 obtrectatio
302 2202 421 2267 devicit
443 2202 540 2266 unius
563 2201 727 2268 virtutem.
839 2265 842 2271 .

169 2290 233 2355 Hic
251 2294 361 2355 autem
379 2289 469 2354 velut
486 2289 667 2354 hereditate
685 2290 836 2354 relictum
855 2290 965 2354 odium
983 2296 1089 2373 pater·
1107 2311 1126 2358 a

81 2401 160 2444 num
183 2397 262 2464 erga
279 2378 445 2443 Romanos
467 2376 514 2441 sic
538 2377 750 2460 conservavit,
772 2381 811 2440 ut
832 2376 923 2460 prins
947 2377 1089 2442 animam

82 2489 180 2552 quam
202 2467 236 2530 id
259 2465 459 2550 deposuerit,
488 2465 545 2548 qui
568 2464 710 2548 quidem,
738 2485 812 2529 cum
840 2464 949 2547 patria
975 2464 1089 2548 pulsus

81 2559 169 2620 esset
196 2558 230 2619 et
257 2553 436 2618 alienarum
459 2574 558 2636 opum
585 2552 759 2638 indigeret,
787 2572 966 2635 numquam
994 2551 1098 2618 desti.

81 2643 160 2708 terit
187 2641 296 2707 animo
323 2641 444 2706 bellare
468 2662 541 2706 curn
564 2639 729 2706 Romanis.
773 2661 851 2704 nam
877 2643 915 2704 ut
937 2639 1133 2707 omittam?

80 2730 284 2814 Philippum,
316 2750 413 2812 quem
445 2729 560 2794 absens
592 2729 721 2794 hostem
753 2727 894 2793 reddidit
923 2727 1090 2814 Romanis,

82 2819 228 2883 omnium
255 2818 295 2882 iis
324 2817 525 2902 temporibus
554 2816 802 2902 potentissimus
826 2837 883 2881 rex
905 2815 1089 2883 Antiochus

81 2905 154 2970 fuit.
187 2905 274 2971 hunc
293 2909 386 2970 tanta
404 2906 582 2990 cupiditate
600 2906 744 2971 incendit
761 2904 913 2989 bellandi,
931 2910 1089 2989 utusque

81 3015 101 3058 a
128 2994 227 3059 rubro
255 2993 339 3058 mari
367 3015 457 3058 arma
484 2998 619 3060 conatus
652 2994 697 3060 sit
727 2993 847 3059 inferre
878 2992 1004 3059 Italiae.
1049 2995 1125 3060 eds

82 3080 179 3167 quem
203 3103 276 3146 cum
299 3081 401 3166 legati
423 3081 589 3147 venissent
611 3080 765 3166 Romani,
792 3082 849 3165 qni
877 3081 915 3145 de
944 3081 1013 3145 eius
1036 3102 1090 3146 vo·

81 3171 208 3235 luntate
236 3169 442 3253 explorarent
469 3169 645 3252 darentque
674 3191 806 3254 operam
833 3168 977 3235 consiliis
1006 3167 1090 3231 clan-

81 3257 218 3322 destinis
232 3261 271 3321 ut
284 3255 503 3321 Hannibalem
520 3256 555 3320 in
569 3252 787 3339 suspicionem
800 3257 871 3340 regi
886 3254 1090 3340 adducerent,

81 3350 250 3429 tamquam
273 3345 314 3409 ab
337 3344 417 3428 ipsis
428 3348 611 3428 corruptus
630 3344 694 3408 alia
712 3348 811 3427 atque
830 3345 926 3407 antea
945 3341 1090 3427 sentiret,

81 3454 185 3517 neque
208 3433 242 3498 id
264 3432 387 3498 frustra
409 3431 563 3498 fecissent
581 3431 677 3515 idque
693 3430 860 3496 Hannibal
879 3429 1090 3513 comperisset

82 3542 181 3604 seque
205 3521 246 3585 ab
269 3520 479 3586 interioribus
499 3518 645 3586 consiliis
663 3517 838 3605 segregari
847 3517 1107 3594 sktscsca,m
1121 3531 1148 3570 a
