2400 3922
122 217 186 282 108
424 215 509 271 XXV.
528 214 693 270 ATTIOUS.
723 219 763 270 12.
786 220 827 268 1e.

121 360 286 446 praefecto
304 359 434 425 fabrum
449 357 594 443 Antonii,
617 358 785 423 absentem
803 357 944 422 relatum
957 358 1133 442 expedivit.

87 448 209 533 equod
236 448 272 512 in
297 447 462 532 praesenti
483 451 595 511 utrum
618 446 648 511 ei
670 446 865 510 laboriosius
889 467 931 510 an
953 447 1132 532 gloriosius

121 536 235 621 fuerit,
261 535 394 601 difficile
417 539 468 600 est
490 534 645 618 iudicare,
675 534 762 618 quod
784 534 819 597 in
842 554 954 598 eorum
976 535 1132 618 perieulis

121 645 188 691 non
220 645 312 689 secus
345 624 496 688 absentes
524 643 622 706 quam
651 624 838 705 praesentes
867 621 989 686 amieos
1016 621 1132 688 Attico

123 734 194 777 esse
218 733 313 778 eurae
337 711 505 796 cognitum
528 715 587 775 est.

73 802 113 867 13
211 798 326 884 Neque
348 821 424 865 vero
448 798 503 863 ille
527 797 634 862 minus
656 797 761 862 bouus
783 802 878 882 pater
906 797 1049 864 familias
1076 798 1132 864 ha

122 889 212 954 bitus
231 892 282 953 est
296 909 394 973 quam
409 887 497 952 civis.
528 907 605 949 nam
623 907 697 950 eum
711 889 797 950 esset
814 886 1017 971 pecuniosus,
1035 907 1133 952 nemo

122 977 181 1042 1110
205 975 312 1042 minus
335 974 399 1039 fuit
418 996 520 1057 emax,
543 974 650 1038 minus
669 973 865 1039 aedificator.
898 995 1003 1058 neque
1021 978 1135 1040 tamen

123 1086 189 1130 non
207 1063 356 1148 inprimis
374 1062 456 1128 bene
474 1061 642 1126 habitavit
656 1061 869 1146 omnibusque
884 1062 1018 1146 optimis
1034 1064 1133 1128 rebus

88 1169 202 1217 ausus
225 1155 284 1216 111.
319 1172 397 1215 nam
419 1150 551 1215 domum
573 1148 689 1214 habuit
707 1150 742 1213 in
761 1150 842 1216 eollo
863 1150 1024 1228 Quirinali
1038 1150 1134 1216 ’.11111-

123 1238 320 1324 philianam,
356 1238 398 1302 ab
430 1237 590 1303 aumoulo
625 1237 806 1303 hereditate
838 1239 1004 1323 relictam,
1041 1240 1133 1304 euius

125 1326 305 1392 amoenitas
332 1346 399 1391 non
425 1326 585 1409 aedificio,
613 1326 669 1390 sed
695 1326 778 1390 silva
805 1328 992 1392 constabat:
1024 1327 1134 1412 ipsum

124 1414 211 1479 enim
238 1419 362 1480 tectum
390 1414 572 1498 antiquitus
596 1414 813 1479 constitutum
834 1414 908 1499 plus
932 1415 1010 1480 salis
1034 1437 1134 1499 quam

124 1506 274 1586 sumptus
301 1502 458 1567 habebat:
493 1502 529 1566 in
558 1522 622 1585 quo
649 1501 731 1566 nihil
758 1503 985 1587 eommutavit,
1011 1503 1077 1569 nisi
1106 1506 1134 1570 si

89 1590 203 1675 equid
225 1594 389 1656 vetustate
412 1593 544 1656 coaetus
567 1593 627 1654 111.
662 1611 740 1654 usus
764 1594 815 1655 est
837 1590 971 1675 familia,
994 1591 1023 1657 si
1045 1592 1134 1658 utili-

124 1683 194 1744 tate
217 1679 424 1743 iudicandum
447 1681 511 1761 111,
534 1678 672 1762 optima,
699 1678 727 1742 si
749 1677 869 1765 forma,
891 1679 945 1744 vix
967 1679 1134 1747 mediocri.

123 1786 264 1850 namque
290 1767 326 1831 in
352 1788 391 1831 ea
418 1770 511 1831 erant
536 1766 629 1848 pueri
656 1765 903 1852 litteratissimi,
932 1773 1136 1853 anagnostae

125 1855 242 1939 optimi
264 1858 298 1919 et
324 1853 457 1936 plurimi
483 1852 623 1952 librarii,
652 1856 690 1916 ut
716 1875 757 1918 ne
783 1855 978 1938 pedisequus
1003 1857 1134 1940 quidem

124 1942 1135 2114 113311111111111111111111111ἶ11111111ἓ

89 2114 322 2181 4domestieus
355 2115 536 2199 desiderat,
570 2118 715 2200 apprime
746 2117 834 2183 boni.
886 2140 990 2203 neque
1022 2124 1135 2187 tamen

124 2204 243 2269 horum
272 2224 468 2287 quemquam
494 2204 559 2269 nisi
587 2203 812 2271 dominatum
834 2206 985 2290 domique
1008 2207 1135 2275 faetum

123 2291 253 2357 habuit:
291 2291 377 2376 quod
409 2296 460 2357 est
497 2292 627 2379 signum
662 2314 727 2358 neu
764 2294 871 2359 solum
904 2295 1134 2383 continentiae,

125 2381 181 2446 sed
195 2380 295 2445 etiam
308 2380 506 2467 diligentiae.
528 2402 605 2445 nam
619 2385 653 2446 et
665 2402 731 2449 non
745 2382 1000 2466 intemperanter
1019 2407 1135 2452 oeneu-

123 2469 257 2554 piseere,
280 2469 366 2552 quod
381 2468 562 2552 aplurimis
577 2468 696 2553 videas,
719 2469 916 2536 eontinentis
931 2471 1028 2538 debet
1050 2475 1135 2560 duei,

124 2561 158 2622 11
180 2557 290 2641 potius
313 2556 474 2622 industria
497 2578 595 2640 quam
616 2557 722 2641 pretio
740 2579 855 2642 parare
873 2580 940 2624 non
960 2562 1135 2628 mediocris

90 2650 176 2710 sest
201 2643 398 2730 diligentiae.
439 2644 580 2730 elegans,
610 2666 677 2710 non
703 2647 904 2732 magnificus,
936 2649 1134 2735 splendidus,

123 2754 190 2798 non
210 2737 434 2817 sumptuosus:
458 2733 626 2816 omnisque
649 2733 820 2818 diligentia
842 2736 1045 2822 munditiam,
1067 2760 1134 2803 uon

124 2820 313 2884 afluentiam
327 2819 510 2884 affectabat.
533 2820 678 2903 supellex
692 2821 827 2906 modica,
840 2844 908 2888 non
920 2825 1034 2909 multa,
1047 2827 1134 2891 utin

89 2922 105 2970 e
124 2909 274 2970 neutram
287 2911 416 2988 partem
430 2908 574 2991 eonspiei
587 2912 707 2991 posset.
738 2930 797 2973 nee
811 2911 1006 2997 praeteribo,
1023 2934 1134 2997 quam·

124 3013 222 3078 quam
230 2992 395 3057 nonnullis
404 2993 473 3058 leve
483 2995 589 3058 visum
598 2995 640 3058 iri
648 3000 769 3080 putem,
779 3019 853 3062 oum
862 2999 1012 3083 inprimis
1021 3001 1134 3068 lautus

124 3085 212 3148 esset
230 3102 327 3166 eques
346 3079 512 3145 Romanus
531 3086 565 3146 et
584 3104 650 3148 nen
667 3105 783 3167 parum
801 3085 981 3152 liberaliter
1000 3088 1134 3156 demum

124 3193 217 3236 suam
246 3169 390 3235 omnium
418 3169 567 3235 ordinum
592 3171 741 3237 homines
768 3173 936 3260 invitaret,
967 3197 1035 3242 non
1067 3201 1134 3243 am·

123 3259 210 3343 plius
230 3280 327 3342 quam
345 3263 439 3324 terna
457 3257 549 3323 milia
560 3281 720 3344 peraeque
734 3261 768 3325 in
782 3261 928 3347 singulos
947 3284 1075 3331 manses
1094 3287 1134 3331 ex

88 3361 104 3410 1
124 3346 328 3430 ephemeride
343 3368 416 3412 eum
430 3368 604 3430 expensum
615 3349 759 3432 sumptui
772 3348 857 3414 ferre
867 3349 1010 3417 solitum.
1034 3357 1134 3440 atqua

124 3434 187 3499 hoo
196 3455 262 3499 nou
272 3435 428 3519 auditum,
443 3435 499 3500 sed
509 3436 676 3521 cognitum
687 3437 924 3520 praedicamus:
939 3459 1036 3524 saepe
1045 3442 1133 3507 enim

104 3525 252 3602 propter
271 3521 540 3591 familiaritatem
563 3525 752 3592 domestieis
772 3525 872 3590 rebus
892 3524 1112 3595 interfuimus.
