2400 3922
413 220 459 275 rx.
479 220 611 277 coron.
639 229 664 279 e.
678 227 705 279 4:
1023 227 1066 290 35

147 363 321 429 Defecerat
343 383 457 449 aroge
476 363 718 451 Tissaphernes,
740 388 844 450 neque
866 368 899 431 id
922 372 991 433 tam
1007 369 1106 436 Aac

57 453 184 518 taxerxi
222 474 320 536 quam
356 452 472 516 ceteris
510 457 580 517 orat
617 457 784 538 apertum:
824 455 937 520 multis
979 458 1066 521 enim

56 542 252 627 magnisque
275 539 402 604 moritis
426 540 511 624 apud
534 562 656 626 regem,
680 542 780 606 etiam
803 564 876 607 cum
899 543 933 607 in
957 542 1064 607 officio
1177 536 1181 545 ’

55 651 122 695 non
142 631 298 712 maneret,
316 629 454 692 valebat
490 650 593 711 neque
612 630 645 693 id
664 634 734 693 erat
748 630 938 714 mirandum,
958 632 987 694 si
999 653 1066 695 non

56 717 153 783 facile
176 717 218 782 ad
241 716 433 781 credendum
456 716 683 802 adducebatur,
706 719 915 783 reminiscens
938 718 1007 782 eius
1031 740 1065 782 se

57 827 157 890 opera
193 803 315 888 Cyrum
355 804 492 868 fratrem
529 826 706 889 superasse.
757 807 853 871 huius
895 807 1101 874 accusandis

56 893 167 980 gratia
190 890 304 959 Conon
327 913 345 956 a
366 891 576 957 Pharnabazo
601 893 641 957 ad
664 914 774 979 regem
797 896 916 959 missus
939 899 1066 978 postea·

57 1003 157 1065 quam
169 980 269 1061 venit,
287 980 429 1064 primum
443 1002 482 1044 ex
496 1002 586 1045 more
600 980 773 1046 Persarum
788 983 828 1046 ad
843 983 1066 1067 chiliarchum,

57 1071 113 1153 qui
144 1068 320 1134 secundum
350 1068 486 1153 gradum
518 1068 645 1152 imperii
677 1071 823 1155 tenebat,
854 1071 1067 1135 Tithrausten

57 1157 196 1223 accessit
219 1177 317 1239 seque
341 1155 485 1220 ostendit
508 1177 581 1220 cum
604 1177 679 1242 rege
703 1159 844 1242 colloqui
867 1159 958 1224 velle.
989 1158 1100 1226 huice

56 1246 112 1310 ille
138 1243 250 1310 ‘nulla'
273 1245 381 1327 inquit
405 1243 509 1308 ‘mora
536 1249 599 1328 est,
629 1245 685 1309 sed
712 1250 749 1310 tu
772 1246 928 1331 delibera,
954 1250 1066 1311 utrum

57 1333 199 1417 colloqui
218 1332 312 1396 malis
332 1353 374 1396 an
391 1353 450 1415 por
467 1332 595 1397 litteras
620 1354 714 1418 agere
738 1355 819 1417 quae
843 1336 978 1420 cogitas.
1013 1355 1066 1398 nc·

57 1442 147 1486 cesse
171 1423 223 1484 cst
245 1420 341 1504 enim,
365 1420 393 1484 si
416 1420 450 1484 in
473 1425 682 1504 conspectum
705 1423 840 1506 veneris,
862 1421 1008 1486 venerari
1032 1426 1065 1486 te

56 1515 168 1595 regom
202 1508 303 1591 [quod
338 1507 547 1586 προεκύνηειν
583 1508 632 1571 illi
666 1512 796 1588 vocant]
835 1506 943 1592 (nemo
978 1510 1092 1589 enim¹

57 1598 127 1662 sine
149 1597 213 1661 hoe
236 1593 444 1680 admittitur).
489 1596 552 1660 hoo
576 1596 604 1658 si
628 1595 690 1659 tibi
718 1616 816 1680 grave
840 1598 904 1679 est,
932 1617 990 1678 per
1012 1616 1064 1658 mc

55 1685 160 1750 nihilo
194 1684 296 1748 setius
328 1683 424 1748 oditis
457 1684 619 1748 mandatis
649 1683 799 1747 conficies
823 1682 909 1765 quod
933 1681 1064 1746 studes?

56 1778 128 1838 tum
147 1770 262 1837 (lonon
281 1771 374 1835 ‘mihi
392 1772 480 1836 vero'
499 1772 607 1855 inquit
625 1771 702 1836 ‘non
725 1775 776 1836 est
798 1791 896 1856 grave
918 1770 1101 1853 quemvisl

55 1861 215 1927 honorem
237 1860 356 1924 habere
379 1859 458 1944 regi,
482 1859 537 1924 sed
560 1882 673 1924 vereor
694 1882 734 1925 ne
758 1859 885 1925 civitati
908 1879 997 1923 meae
1021 1859 1066 1924 sit

56 1947 248 2033 opprobrio,
278 1948 319 2031 si,
342 1968 416 2011 cum
439 1968 478 2011 cx
501 1969 539 2011 ea
562 1949 624 2012 sim
646 1948 821 2034 profectus,
844 1969 925 2032 quac
949 1948 1064 2013 ceteris
1138 1963 1141 1970 '

55 2025 1065 2208 collurasausu,sasabasar

55 2213 200 2277 tradidit.

146 2299 272 2376 Quibus
296 2299 436 2384 cognitis
459 2321 516 2363 rex
538 2302 668 2362 tantum
691 2299 886 2362 auctoritate
910 2300 979 2362 eius
998 2319 1064 2362 mo·
1082 2299 1104 2365 4

56 2394 109 2453 tus
134 2391 198 2472 est,
225 2390 263 2451 ut
286 2391 320 2451 et
342 2386 591 2471 Tissaphernem
618 2386 748 2449 hostem
775 2385 927 2448 iudicarit
949 2388 983 2448 et
1005 2384 1065 2448 La
1091 2397 1095 2406 “

56 2476 282 2542 cedaemonios
309 2475 396 2539 bello
424 2475 575 2558 persequi
602 2473 734 2538 iusserit
761 2476 795 2536 et
822 2473 852 2535 ei
879 2472 1064 2555 permiserit
1117 2503 1123 2521 ·

56 2586 153 2648 quem
181 2564 280 2628 vellet
307 2563 426 2648 eligere
455 2563 495 2626 ad
527 2560 775 2645 dispensandam
806 2558 986 2643 pecuniam.
1030 2560 1065 2624 id

56 2652 232 2717 arbitrium
255 2649 369 2716 Conon
390 2650 523 2736 negavit
546 2650 597 2714 sui
620 2671 690 2714 esse
714 2648 849 2732 consilii,
873 2647 929 2712 sed
951 2647 1064 2733 ipsius,

56 2741 111 2824 qui
136 2740 258 2824 optime
282 2759 358 2803 suos
380 2760 476 2802 nosse
500 2738 645 2821 deberet,
673 2737 728 2801 sed
751 2759 785 2801 se
809 2737 942 2801 suadere
965 2735 1064 2800 Phar·

55 2828 181 2892 nabazo
203 2826 237 2890 id
260 2826 385 2911 negotii
407 2826 508 2890 daret.
548 2826 624 2890 hinc
647 2825 775 2909 magnis
800 2826 987 2890 muneribus
1011 2825 1099 2890 dor

37 2921 152 2981 natus
177 2915 217 2979 ad
240 2936 329 2978 mare
352 2917 403 2978 ost
426 2914 554 2997 missus,
576 2917 615 2977 ut
638 2911 766 2998 Cypriis
790 2918 823 2978 ct
846 2913 1063 2979 Phoenicibus

55 3004 237 3086 ceterisque
270 3001 443 3066 maritimis
473 3002 660 3066 civitatibus
688 3023 785 3065 naves
817 3003 933 3087 longas
966 3003 1065 3086 impe·

55 3095 145 3156 reret
178 3091 396 3173 classemque,
428 3111 492 3173 qua
523 3090 671 3173 proxima
703 3093 826 3154 aestate
860 3112 947 3154 marc
979 3088 1064 3153 tueri

54 3183 183 3264 posset,
211 3181 427 3262 compararet,
456 3177 532 3241 dato
557 3177 703 3241 adiutore
726 3176 950 3260 Pharnabazo,
979 3176 1065 3239 sicut
1139 3188 1142 3192 ’

54 3268 125 3352 ipse
159 3267 316 3332 voluerat.
361 3265 394 3329 id
423 3269 462 3328 ut
490 3263 753 3329 Lacedaemoniis
786 3269 837 3329 est
867 3262 1098 3345 nuntiatum,t

54 3377 119 3420 non
143 3354 213 3419 sinc
238 3368 315 3420 eura
337 3375 406 3418 rem
430 3353 673 3437 administrant,
703 3353 789 3435 quod
812 3350 917 3414 maius
940 3348 1064 3413 bellum
1181 3348 1183 3351 ’

55 3444 224 3508 imminere
249 3441 500 3525 arbitrabantur,
525 3462 621 3523 quam
647 3441 674 3504 si
699 3460 771 3504 eum
794 3437 934 3501 barbaro
958 3436 1077 3518 solum·

55 3531 298 3597 contenderent.
328 3551 404 3594 nam
428 3530 542 3595 ducem
563 3528 688 3593 fortem
708 3531 738 3593 ct
756 3525 963 3652 prudentiam
972 3524 1084 3600 regias

896 3630 919 3672 a
