2400 3922
124 218 168 282 50
443 217 516 272 XIV.
536 215 717 271 DATAMES.
746 223 771 270 3.
790 222 816 273 4.

124 363 181 427 ubi
204 366 275 427 erat
302 383 372 445 rex,
399 360 489 426 venit
517 364 715 445 posteroque
738 360 789 425 die
812 359 942 446 Thuyn,
969 361 1137 429 hominem

125 450 258 515 maximi
282 449 427 532 corporis
456 449 659 533 terribilique
686 448 783 532 facie,
814 449 901 532 quod
928 452 962 513 et
984 450 1080 536 niger
1103 456 1137 516 et

126 538 244 623 capillo
271 538 370 623 longo
397 538 564 621 barbaque
591 540 662 602 erat
688 536 863 621 promissa,
892 536 1017 621 optima
1045 544 1136 604 veste

125 627 217 712 texit,
241 648 339 711 quarn
362 629 512 710 satrapae
535 626 618 711 regii
641 646 753 710 gerere
777 629 980 710 consuerant,
1006 628 1137 693 ornarit

126 715 225 779 etiam
257 718 373 799 torque
406 718 504 798 atque
536 714 673 779 armillis
706 713 813 779 aureis
841 677 1013 798 eeteroqbe
1043 717 1136 802 regio

90 803 261 888 acultu3
252 825 322 886 ipse
345 803 468 888 agresti
482 802 613 904 duplici
636 802 775 867 amiculo
797 801 1016 868 circumdatus
1034 803 1136 870 hirta·

126 913 187 975 que
206 891 326 976 tunica,
344 912 460 976 gerens
479 891 514 954 in
528 891 634 974 capite
649 891 778 975 galeam
791 890 1002 991 venatoriam,
1021 892 1136 957 dextra

126 1002 225 1045 manu
247 979 385 1063 clavam,
409 979 542 1043 sinistra
565 979 730 1064 copulam,
759 979 808 1043 ita
830 978 976 1044 vinctum
999 984 1077 1045 11111
1100 1003 1135 1046 11

125 1067 295 1151 Thuynem
318 1067 447 1152 agebat,
469 1071 507 1131 ut
526 1067 554 1131 si
572 1066 676 1131 feram
693 1067 834 1131 bestiam
849 1071 980 1150 captam
993 1068 1135 1134 duceret.

90 1173 106 1221 1
126 1176 297 1238 quaecum
316 1156 427 1219 omnes
446 1155 628 1238 aspicerent
647 1160 782 1239 propter
798 1155 981 1221 novitatem
1000 1162 1134 1225 ornatus

126 1244 338 1328 ignotamque
370 1242 511 1307 formam
538 1244 580 1307 ob
608 1265 744 1327 eamque
775 1265 845 1308 rem
876 1265 1015 1330 magnus
1048 1249 1136 1311 esset

126 1353 310 1415 concursus,
340 1330 405 1395 fuit
426 1353 588 1396 nonnemo
617 1333 674 1415 qui
698 1336 889 1417 agnosceret
911 1332 1029 1417 Thuyn
1052 1334 1135 1419 regi-

89 1437 188 1504 tque
211 1420 386 1484 nuntiaret.
427 1419 533 1504 primo
560 1441 627 1485 non
654 1420 885 1486 accrediditrt
858 1420 969 1504 aqtuei
992 1421 1135 1487 Pharna

125 1510 251 1573 bazum
265 1508 356 1573 misit
379 1509 592 1592 exploratum.
629 1530 731 1593 aquo
749 1513 788 1574 ut
805 1530 875 1573 rem
898 1513 1026 1594 gestam
1050 1532 1135 1575 com-

125 1598 284 1682 perit,st
285 1598 366 1662 111111
394 1597 525 1662 admitti
551 1597 661 1682 iussit,
691 1617 809 1683 magno
834 1618 930 1681 opere
953 1597 1059 1664 delcct
1044 1601 1134 1664 tatus

126 1709 200 1753 eum
221 1685 410 1751 factottum
438 1689 567 1769 ornatu,
595 1685 743 1769 inprimis
767 1685 854 1770 quod
875 1686 997 1750 nobilis
1020 1709 1078 1753 rex
1100 1687 1135 1752 in

90 1777 325 1859 opotestatem
348 1774 532 1857 inopinanti
554 1736 695 1838 ienerat.
741 1774 853 1857 itaque
876 1774 1049 1860 magnifice
1070 1773 1135 1849 Da·

125 1867 237 1927 tamen
259 1863 415 1926 donatum
439 1861 480 1924 ad
503 1861 679 1925 exercitum
702 1862 806 1946 misit,
834 1861 985 1945 quitum
1008 1867 1134 1928 contra-

125 1950 266 2015 hebatur
297 1949 376 2015 duce
408 1947 620 2013 Pharnabazo
652 1952 686 2014 et
715 1949 905 2016 Tithrauste
937 1951 978 2016 ad
1009 1952 1134 2016 bellum

125 2035 336 2121 Aegyptium,
353 2036 488 2120 parique
503 2059 576 2103 eum
591 2040 688 2121 atque
703 2037 777 2103 illos
791 2038 929 2122 imperio
943 2060 1014 2104 esse
1028 2039 1135 2105 111111.

125 2127 241 2209 postea
269 2145 345 2188 vero
379 2146 477 2226 quam
506 2125 754 2192 Pharnabazum
786 2148 843 2191 rex
874 2127 1052 2211 revocavit,
1084 2128 1135 2193 illi

126 2234 254 2278 summa
276 2212 405 2296 imperii
427 2214 551 2279 tradita
574 2218 634 2280 est

90 2304 112 2370 4
213 2299 277 2366 Hic
305 2323 379 2366 oum
406 2303 547 2368 maximo
580 2303 688 2368 studio
721 2283 925 2387 compararet
956 2304 1134 2370 exereitum

125 2391 257 2478 Aegypt
251 2412 378 2494 umque
396 2391 560 2475 proficisci
577 2395 717 2477 pararet,
741 2392 850 2456 subito
870 2414 888 2456 a
907 2413 984 2477 rege
1002 2393 1134 2458 litterae

126 2483 203 2544 sunt
231 2480 260 2544 ei
288 2480 420 2566 missae,
446 2485 485 2545 ut
511 2480 629 2564 Aspim
657 2481 901 2565 aggrederetur,
933 2480 990 2565 qui
1018 2479 1134 2546 (latac-

125 2569 214 2634 niam
241 2569 388 2634 tenebat:
425 2590 507 2652 quae
535 2590 615 2654 gens
642 2569 727 2634 iacet
750 2590 848 2652 supra
870 2566 1033 2653 Ciliciam,
1061 2591 1134 2634 con-

91 2673 107 2722 2
125 2656 199 2721 finis
218 2654 449 2740 Cappadociae.
483 2678 623 2740 namque
636 2657 746 2742 Aspis,
769 2657 949 2722 saltuosam
967 2657 1134 2743 regionem

126 2744 333 2827 castellisque
365 2745 526 2809 munitam
558 2745 717 2829 incolens,
753 2766 820 2809 non
852 2746 959 2811 solum
995 2745 1133 2829 imperio

125 2830 212 2916 regis
235 2853 302 2896 non
323 2833 469 2917 parebat,
492 2834 548 2898 sod
571 2833 671 2898 etiam
692 2833 849 2898 finitimas
873 2833 1024 2920 regiones
1042 2855 1134 2899 vexa-

90 2920 184 2986 ebat
216 2921 249 2982 11
281 2940 363 3002 quae
393 2921 463 3005 regi
493 2925 703 3004 portarentur
735 2922 927 3005 abripiebat.
976 2921 1134 2988 Datames

126 3007 188 3072 etsi
215 3006 312 3092 longe
340 3007 453 3072 aberat
481 3009 522 3072 ab
555 3009 596 3073 iis
624 3009 812 3095 regionibus
841 3014 874 3075 et
901 3033 921 3076 1
948 3010 1072 3076 maiore
1100 3033 1134 3076 re

126 3095 387 3180 abstrahebatur,
405 3100 515 3162 tamen
533 3097 620 3183 regis
634 3098 797 3163 voluntati
814 3121 939 3164 morem
957 3100 1134 3184 gerendum

123 3185 263 3269 putarit.
298 3184 410 3268 itaque
434 3207 507 3250 cum
529 3186 651 3271 paucis,
674 3187 731 3252 sed
753 3187 831 3253 viris
854 3187 995 3253 fortibus
1018 3209 1136 3254 navem

125 3273 326 3358 conscendit,
354 3273 557 3361 existimans,
585 3275 671 3359 quod
699 3276 833 3362 accidit,
862 3276 939 3340 facil
940 3276 991 3341 ius
1015 3298 1050 3342 se
1078 3278 1136 3341 irn-

124 3363 317 3446 prudentem
344 3384 445 3447 parva
472 3385 570 3429 manu
599 3328 833 3448 oppressuruni
858 3386 955 3449 quam
977 3369 1136 3519 paratum

86 3465 106 3512 1
126 3452 273 3531 quamvis
306 3472 425 3537 magno
459 3453 610 3518 exercitu.
657 3453 719 3518 hac
751 3453 945 3518 delatusin
1004 3454 1137 3536 ilicium,

105 3553 267 3613 egressus
295 3539 393 3626 inde,
430 3539 500 3607 dies
531 3545 710 3628 noctesque
742 3542 805 3606 iter
836 3541 958 3606 faciens
991 3542 1137 3607 Taurum
