2400 3922
131 233 196 298 100
448 229 533 286 XXV.
552 228 713 285 ATTIGUs.
745 235 768 284 1.
788 236 812 284 a.

94 393 110 442 c
217 375 323 440 Huius
346 375 476 440 devita
499 378 533 439 et
556 373 700 439 moribus
723 373 819 458 plura
841 373 876 438 in
898 395 937 438 eo
959 373 1046 440 libro
1069 397 1141 458 per

130 456 233 530 secuti
261 485 386 548 snmus,
416 484 511 547 quem
535 461 711 546 separatim
733 462 772 527 de
796 483 834 526 eo
858 460 995 527 fecimus
1019 467 1141 547 rogatu

51 571 52 574 ’
128 551 165 616 Τ.
182 551 355 636 Pomponii
378 550 491 618 Attici.
528 572 627 634 quare
650 549 815 615 studiosos
835 548 970 616 Catonis
993 550 1035 614 ad
1058 551 1140 616 illud

128 640 280 707 volumen
302 640 498 726 delegamus.

528 797 739 808 1-——1--u-

460 941 569 1015 XXV.
596 939 808 1014 ATTICUS.

94 1081 112 1146 1
216 1079 252 1144 T.
275 1078 474 1163 Pomponius
498 1058 652 1163 Atticus}
672 1081 713 1144 ab
736 1078 862 1164 origine
884 1078 1003 1144 ultima
1025 1079 1139 1164 stirpis

129 1167 294 1233 Romanae
323 1170 511 1253 generatus,
539 1170 698 1252 perpetuo
722 1189 741 1232 a
763 1166 941 1232 maioribus
969 1172 1138 1253 acceptam

94 1260 314 1340 sequestrem
341 1254 486 1320 obtinuit
514 1255 718 1341 dignitatem.
763 1260 857 1340 patre
884 1276 962 1320 usus
991 1260 1043 1320 est
1070 1256 1140 1321 dili·

129 1347 225 1429 gente
259 1348 305 1427 et,
336 1347 374 1407 ut
406 1345 477 1407 tum
509 1348 603 1409 erant
635 1348 799 1428 tempora,
832 1344 893 1408 diti
924 1343 1140 1428 inprimisque

129 1432 276 1512 studioso
298 1431 493 1497 litterarum.
537 1432 607 1513 hic,
629 1437 728 1516 prout
751 1432 821 1516 ipse
845 1431 978 1496 amabat
999 1432 1140 1517 litteras,

130 1519 280 1585 omnibus
313 1519 489 1603 doctrinis,
526 1520 643 1605 quibus
679 1520 814 1604 puerilis
848 1524 938 1584 aetas
975 1520 1140 1604 impertiri

93 1609 239 1693 adebet,
266 1607 371 1672 filium
398 1607 546 1673 erudivit.
592 1611 663 1672 erat
691 1612 800 1673 autem
827 1609 863 1673 in
884 1629 985 1693 puero
1007 1613 1140 1692 praeter

128 1697 331 1762 docilitatem
357 1696 481 1782 ingenii
510 1718 638 1760 summa
660 1697 804 1761 suavitas
829 1695 895 1761 oris
919 1699 1016 1779 atque
1040 1697 1139 1781 vocis,

127 1789 250 1851 utnon
267 1785 374 1849 solum
393 1784 542 1848 celeriter
560 1785 722 1867 acciperet
740 1806 822 1868 quae
841 1784 1064 1869 tradebantur,
1083 1786 1139 1850 sed

128 1873 228 1937 etiam
246 1872 440 1937 excellenter
461 1872 697 1954 pronuntiaret.
734 1893 798 1955 qua
823 1893 863 1936 ex
886 1892 922 1936 re
944 1872 979 1937 in
996 1873 1139 1956 pueritia

127 1960 248 2024 nobilis
279 1959 365 2022 inter
397 1957 547 2041 aequales
579 1957 746 2024 ferebatur
777 1960 960 2043 clariusque
992 1961 1139 2046 exsplen-

130 2045 296 2128 deseebat,
333 2066 431 2128 quam
465 2047 615 2131 generosi
647 2047 861 2132 condiscipuli
893 2048 1000 2112 animo
1034 2070 1138 2133 aequo

92 2132 213 2199 sicrre
235 2137 380 2216 possent.
413 2133 525 2219 itaque
543 2135 704 2200 incitabat
722 2158 835 2201 omnes
853 2136 962 2201 studio
981 2157 1051 2221 sno,
1073 2159 1138 2221 quo

128 2221 164 2286 in
193 2243 328 2286 numero
360 2221 492 2288 fuerunt
523 2222 560 2288 L.
587 2222 790 2308 Torquatus,
822 2223 857 2289 0.
885 2223 1009 2289 Marius
1041 2224 1139 2310 lilius,

129 2309 174 2375 M.
198 2308 327 2376 Cicero:
364 2331 446 2394 quos
474 2312 707 2378 consuetudine
739 2334 799 2377 sua
830 2313 877 2378 sic
909 2312 1070 2400 devinxit,
1101 2318 1140 2379 ut

37 2434 41 2441 ·
129 2421 223 2464 nemo
246 2399 288 2464 iis
310 2403 468 2484 perpetua
490 2402 555 2465 olto
576 2400 676 2466 fuerit
699 2400 812 2465 carior.

93 2489 114 2554 2
217 2486 316 2553 Pater
339 2491 466 2553 mature
489 2488 637 2553 decessit.
670 2489 740 2573 ipse
758 2489 1020 2554 adulescentulus
1043 2512 1139 2575 prop

129 2579 180 2642 ter
203 2575 398 2641 affinitatem
420 2575 457 2641 P.
480 2574 631 2661 Sulpicii,
659 2577 715 2660 qui
737 2576 888 2642 tribunus
910 2577 1018 2661 plebei
1041 2579 1139 2644 inter-

128 2664 234 2731 fectus
262 2668 327 2750 est,
357 2686 425 2730 non
453 2685 568 2749 expers
600 2665 664 2729 fuit
695 2665 783 2731 illius
813 2665 963 2749 periculi:
998 2688 1139 2750 namque

129 2751 259 2836 Anicia,
281 2751 685 2837 Pomponiiconsobrina,
706 2757 863 2837 nupserat
886 2752 1014 2839 Servio,
1043 2754 1139 2820 fratri

95 2855 110 2904 2
132 2837 276 2921 Sulpicii.
321 2840 432 2922 itaque
455 2840 628 2906 interfecto
653 2839 797 2924 Sulpicio
819 2846 1035 2926 posteaquam
1056 2843 1140 2909 vidit

130 2924 276 2991 Cinnano
305 2927 449 2992 tumultu
478 2928 645 2994 ciuitatem
675 2949 745 2993 esse
776 2931 1003 3014 perturbatam
1034 2952 1140 3017 neque

130 3012 194 3079 sibi
212 3013 282 3078 dari
300 3012 492 3079 facultatem
509 3037 569 3100 pro
589 3016 748 3102 dignitate
762 3017 900 3102 vivendi,
923 3018 1004 3102 quin
1021 3020 1141 3086 alteru·

130 3107 216 3168 tram
233 3105 362 3187 partem
380 3101 566 3188 offenderet,
585 3104 768 3171 dissociatis
786 3107 903 3171 animis
918 3107 1048 3193 civium,
1066 3131 1141 3174 cum

130 3192 187 3257 alii
211 3189 362 3275 Sullanis,
386 3191 443 3256 alii
461 3190 616 3258 Cinnanis
639 3193 786 3259 faverent
807 3195 966 3280 partibus,
987 3196 1141 3262 idoneum

130 3284 259 3365 tempus
282 3284 374 3345 ratus
397 3280 515 3346 studiis
539 3283 737 3367 obsequendi
760 3284 827 3347 suis
846 3281 994 3350 Athenas
1013 3306 1049 3350 se
1067 3307 1141 3351 con-

130 3368 217 3433 tulit.
261 3390 366 3453 neque
389 3390 427 3434 eo
451 3369 553 3434 setius
577 3370 816 3435 adulescentem
839 3370 981 3436 Marium
1010 3373 1141 3439 hostem

129 3455 309 3521 iudicatum
331 3457 415 3522 iuvit
437 3457 554 3542 opibus
577 3459 654 3542 suis,
677 3458 767 3523 euius
785 3458 898 3544 fugam
916 3461 1055 3544 pecunia
1068 3463 1141 3528 sut

71 3541 245 3605 claravit
289 3565 330 3612 ac
352 3567 398 3612 ne
425 3546 486 3613 illa
506 3546 734 3636 peregrinatio
756 3547 990 3612 detrimentum
1008 3550 1142 3632 aliquod
