2400 3922
389 205 450 260 VII.
468 205 692 262 ALCIBIADES.
721 213 762 261 11.
1044 208 1084 273 31

75 373 127 436 ea,
151 371 235 435 quae
259 371 358 434 supra
380 349 584 434 scripsimus,
614 351 653 414 de
677 372 715 416 eo
738 352 966 434 praedicarunt
987 356 1087 436 atque

73 439 138 505 hoo
171 439 327 523 amplius:
359 459 434 503 oum
465 437 619 522 Athenis,
651 438 914 522 splendidissima
945 441 1087 526 civitate,

73 531 174 593 natus
203 531 304 611 esset,
334 547 446 591 omnes
474 527 645 610 splendore
673 548 710 592 ao
733 526 893 613 dignitate
917 549 1086 612 superasse

73 616 178 700 vltae;
207 619 384 699 postquam
410 614 484 679 inde
513 614 665 700 expulsus
688 613 817 680 'l'hebas
841 615 979 699 venerit,
1006 616 1121 681 adaoe

75 703 195 769 studiis
223 724 337 768 eorum
363 702 551 787 inservisse,
581 706 620 766 ut
650 723 745 768 nemo
776 724 850 768 eum
879 703 991 768 labore
1019 709 1087 769 eorl

74 791 230 876 porisque
244 791 369 892 viribus
383 794 497 875 posset
509 791 719 874 aequiperare
732 788 858 876 (omnes
873 792 960 856 enim
968 791 1087 857 Boeoti

75 877 1123 1052 ltrssl'tllltzltlttltttrstffiffll4

74 1057 181 1120 virtus
204 1055 240 1120 in
261 1054 423 1139 patientia
444 1056 640 1139 ponebatur,
664 1055 710 1120 sio
733 1055 871 1121 duritiae
895 1078 930 1121 se
952 1056 1088 1140 dedisse,

74 1148 113 1209 ut
134 1143 338 1228 parsimonia
359 1143 465 1207 vietus
488 1146 586 1226 atque
610 1144 717 1208 cultus
741 1166 852 1210 omnes
875 1143 1088 1211 Lacedaemo·

74 1233 149 1297 nios
171 1231 331 1316 vinceret3
352 1229 454 1296 foisse
477 1231 562 1314 apud
579 1229 751 1316 Thraecas,
774 1233 922 1297 homines
944 1232 1088 1299 vinolen-

76 1324 130 1386 tos
149 1320 312 1404 rebusque
329 1318 468 1384 veneriis
487 1318 627 1384 deditos:
645 1319 706 1385 hos
722 1342 851 1404 quoque
869 1322 905 1385 in
921 1321 974 1386 his
989 1322 1086 1386 rebus

76 1408 307 1492 antecessisse;
328 1407 455 1472 venisse
469 1406 510 1471 ad
523 1404 649 1492 Persas,
668 1408 753 1492 apud
773 1430 854 1492 quos
874 1430 1001 1474 summa
1014 1410 1086 1474 laus
1105 1423 1123 1473 o

76 1500 165 1562 esset
186 1495 319 1562 fortiter
341 1495 461 1579 venari,
483 1495 649 1560 luxuriose
671 1496 793 1560 vivere:
814 1497 933 1575 horum
952 1498 999 1561 sio
1016 1497 1088 1560 imi·

76 1589 186 1650 tatum
209 1583 484 1667 consuetudinem,
506 1587 545 1647 ut
566 1583 617 1646 illi
639 1583 703 1666 ipsi
726 1603 800 1646 eum
823 1583 858 1647 in
875 1583 927 1647 his
946 1584 1087 1647 maxime

76 1673 326 1738 admirarentur.
371 1671 489 1755 quibus
513 1671 609 1736 rebus
633 1668 778 1736 effecisse
805 1674 856 1755 ut,
884 1670 970 1754 apud
993 1687 1122 1753 quos-a

76 1782 216 1846 eumque
230 1763 326 1844 esset,
343 1760 494 1844 princeps
512 1762 688 1843 poneretur
707 1758 946 1843 habereturque
961 1758 1088 1824 aerissi-

76 1871 157 1915 mus.
205 1847 365 1913 sedeatis
388 1848 428 1913 de
449 1847 526 1912 hoe:
549 1846 692 1931 reliquos
716 1847 889 1913 ordiamur,

388 2149 486 2222 VIII.
519 2148 874 2223 THRASYBULUS.

165 2287 406 2372 Thrasybulus,
428 2287 509 2372 Lyci
531 2288 632 2371 filius,
655 2286 875 2352 Atheniensis.
921 2288 949 2351 si
971 2308 1030 2370 per
1052 2309 1087 2352 se
1108 2288 1123 2352 1

76 2378 183 2442 virtus
212 2375 282 2441 sine
309 2375 442 2441 fortuna
468 2376 676 2460 ponderanda
703 2378 767 2458 est,
796 2374 910 2439 dubito
934 2396 976 2438 an
1001 2374 1088 2438 hune

75 2466 222 2549 primum
245 2464 391 2530 omnium
413 2486 542 2548 ponam,
586 2462 667 2527 illud
691 2462 760 2527 sine
782 2461 896 2526 dubio:
925 2461 1088 2527 neminem

76 2554 153 2619 huio
175 2552 325 2637 praefero
348 2552 425 2636 fide,
448 2552 647 2636 constantia,
670 2549 892 2637 magnitudine
916 2549 1030 2632 ammi,
1053 2551 1089 2614 in

76 2641 222 2727 patriam
246 2661 364 2706 amore.
404 2662 481 2705 nam
504 2640 590 2723 quod
613 2639 709 2704 multi
732 2639 905 2703 voluerunt
927 2637 1088 2722 paucique
1107 2653 1123 2702 2

76 2732 266 2815 potuerunt,
288 2729 330 2794 ab
348 2749 413 2793 uno
431 2732 571 2812 tyranno
590 2728 731 2812 patriam
750 2727 897 2812 liberare,
919 2726 996 2792 huie
1015 2747 1088 2792 eon·

77 2818 156 2904 tigit
179 2820 219 2882 ut
241 2838 261 2881 a
283 2817 422 2903 triginta
444 2837 633 2900 oppressam
656 2815 804 2900 tyrannis
828 2837 845 2879 e
869 2817 1026 2881 servitute
1053 2817 1089 2881 in

77 2905 267 2970 libertatem
285 2905 473 2970 vindicaret
505 2904 561 2968 sed
579 2904 688 2969 neseio
708 2925 772 2988 quo
791 2904 898 2988 modo,
921 2926 995 2971 oum
1014 2920 1122 2969 eume

77 3015 175 3059 nemo
203 2993 344 3058 anteiret
369 2993 422 3057 his
449 2992 641 3077 virtutibus,
673 2991 769 3057 multi
795 2992 970 3058 nobilitate
998 3015 1089 3078 prae

79 3085 301 3148 ouourrerunt.
346 3080 489 3165 primum
516 3078 751 3164 Peloponnesio
784 3080 871 3145 bello
899 3081 1004 3146 multa
1034 3081 1088 3143 hio

79 3171 148 3236 sine
166 3169 339 3235 Alcibiade
362 3169 475 3255 gessit,
497 3167 553 3232 ille
574 3169 700 3233 nullam
722 3190 791 3233 rem
814 3169 884 3232 sine
906 3169 983 3232 hoo:
1006 3186 1088 3247 quaa

78 3257 133 3324 ille
159 3256 314 3324 universa
340 3256 482 3322 naturali
510 3257 650 3340 quodam
676 3257 763 3321 bono
791 3255 870 3320 iecit
896 3254 985 3318 lueri.
1032 3251 1124 3318 sede

79 3344 136 3412 illa
158 3349 272 3412 tamen
295 3345 405 3411 omnia
427 3344 612 3410 eommunia
636 3343 886 3428 imperatoribus
910 3361 984 3405 eum
1006 3340 1089 3404 mili-

79 3434 169 3500 tibus
194 3438 228 3499 et
250 3433 392 3518 fortuna,
415 3433 501 3517 quod
523 3433 559 3496 in
580 3432 696 3516 proelii
719 3449 877 3496 oonoursu
900 3427 971 3491 abit
993 3449 1045 3492 res
1069 3449 1088 3493 a

81 3523 217 3589 oonsilio
242 3521 283 3587 od
305 3522 392 3588 riees
409 3540 512 3588 rerum
530 3520 754 3606 virtutemque
772 3514 1013 3601 pugnantium.
1036 3516 1107 3575 kua—
