2400 3922
370 247 455 302 xxv.
474 246 637 302 cuncus.
667 253 780 302 ιι-ιι.
1020 250 1083 314 109

163 391 269 457 Nemo
284 390 319 456 in
334 391 481 456 convivio
496 392 565 456 eius
580 391 668 457 aliud
682 414 834 457 acroama
848 394 972 458 audivit
986 416 1084 478 quam
1095 394 1137 459 14

75 484 287 566 anagnosten,
310 479 397 562 quod
418 500 479 544 nos
503 479 634 562 quidem
656 480 924 546 iucundissimum
948 482 1084 546 arbitra·

75 591 162 653 mur3
187 589 292 652 neque
319 589 476 650 umquam
504 567 572 631 sine
600 567 710 668 aliqua
737 569 875 634 lectione
902 570 988 653 apud
1010 592 1085 634 eum

77 660 227 722 cenatum
255 659 318 738 est,
345 659 472 720 utnon
494 655 601 719 minus
625 656 732 720 animo
757 661 855 740 quam
877 662 989 723 ventre
1013 679 1085 722 con-

76 745 168 809 vivae
207 743 462 808 delectarentur.
498 764 638 826 namque
671 765 726 809 eos
758 745 914 830 vocabat,
946 761 1120 846 quoruma

77 854 183 897 mores
206 853 226 896 a
254 831 322 895 suis
348 851 415 896 non
442 830 663 896 abhorrerent.
709 853 782 897 cum
809 836 904 898 tanta
929 833 1085 918 pecunias

75 921 165 985 facta
187 923 274 984 esset
295 918 446 1004 accessio,
468 919 551 983 nihil
571 919 609 984 de
628 919 807 985 cottidiano
827 921 917 986 cultu
936 921 1085 1005 mutavit,

76 1008 159 1073 nihil
182 1007 221 1071 de
244 1007 330 1071 vitae
354 1007 599 1091 consuetudine,
625 1010 783 1091 tantaque
805 1030 883 1073 usus
907 1013 958 1075 est
980 1009 1086 1074 mode·

78 1095 220 1179 ratione,
248 1099 287 1159 ut
308 1116 413 1178 neque
435 1094 471 1158 in
497 1094 650 1160 sestertio
679 1095 813 1180 viciens,
841 1098 927 1181 quod
951 1119 971 1162 a
992 1101 1086 1182 patre

78 1187 258 1267 acceperat,
285 1204 401 1266 parum
429 1203 463 1246 se
491 1182 656 1265 splendide
684 1185 824 1268 gesserit
851 1206 956 1269 neque
982 1186 1018 1249 in
1040 1206 1087 1251 se

78 1272 195 1337 stertio
224 1270 368 1335 centiens
397 1269 569 1333 afluentius
596 1270 727 1355 vixerit,
759 1295 857 1356 quam
888 1274 1087 1357 instituerat,

78 1358 213 1444 parique
239 1357 375 1442 fastigio
404 1357 534 1421 steterit
560 1357 596 1420 in
621 1361 759 1442 utraque
791 1360 933 1426 fortuna.
978 1362 1122 1426 nulloss

77 1447 195 1512 habuit
226 1446 358 1528 hortos,
388 1444 514 1508 nullam
546 1445 767 1510 suburbanam
798 1451 856 1512 aut
888 1449 1088 1514 maritimam

79 1538 305 1618 sumptuosam
332 1531 458 1614 villam,
484 1552 588 1614 neque
616 1532 652 1595 in
673 1531 785 1618 Italia,
811 1538 942 1617 praeter
964 1535 1088 1600 Arreti·

77 1645 157 1687 num
180 1625 215 1686 ct
237 1618 495 1703 Nomentanum,
521 1619 681 1685 rusticum
708 1621 890 1706 praedium,
918 1623 1087 1706 omnisque

79 1711 149 1776 eius
177 1707 332 1792 pecuniae
359 1706 483 1771 reditus
511 1708 684 1772 constabat
709 1707 745 1771 in
771 1708 950 1792 Epiroticis
977 1714 1011 1774 et
1037 1732 1089 1774 ur·

78 1796 174 1862 banis
202 1794 470 1879 possessionibus.
516 1817 555 1860 ex
583 1817 646 1879 quo
675 1797 828 1882 cognosci
854 1801 966 1881 potest
993 1819 1088 1862 usum

79 1907 154 1950 eum
185 1882 340 1967 pecuniae
370 1904 438 1948 ιιοιι
469 1884 705 1970 magnitudine,
737 1885 794 1949 sed
824 1885 950 1951 ratione
979 1885 1089 1950 metiri

80 1973 224 2039 solitum.

168 2059 373 2124 Mendacium
404 2080 508 2142 neque
540 2060 669 2125 dicebat
703 2082 807 2144 neque
843 2063 914 2146 pati
949 2067 1089 2146 poterat
1100 2059 1141 2127 15

80 2151 192 2232 itaque
221 2147 290 2212 eius
318 2146 456 2211 comitas
484 2168 551 2212 non
577 2148 648 2212 sine
679 2150 852 2215 severitate
882 2155 954 2216 erat
984 2173 1090 2235 neque

81 2236 227 2323 gravitas
260 2235 328 2299 sine
360 2234 533 2319 facilitate,
564 2239 602 2299 ut
634 2234 765 2300 difficile
793 2239 921 2301 esset
911 2260 946 2301 m
947 2238 1089 2323 tellectu,

81 2330 192 2390 utrum
211 2345 285 2387 eum
303 2322 399 2387 amici
418 2323 523 2408 magis
542 2327 731 2387 vererentur
749 2345 792 2388 an
810 2328 966 2388 amarent.
1001 2326 1090 2408 quid·

82 2412 376 2585 ἓὲιίἶῖἰὲῗῗὲἓέἑ
393 2410 792 2600 tttttttltttt
815 2413 902 2583 3333
922 2413 1090 2584 3352le

81 2610 148 2654 non
170 2591 313 2671 possent
290 2587 462 2652 tidem
452 2608 488 2651 m
510 2587 658 2671 tenendo,
681 2588 767 2670 quod
790 2587 890 2652 semel
913 2589 1090 2674 annuisset,
1108 2603 1124 2652 ι

71 2672 177 2741 ltanta
200 2679 270 2740 erat
293 2696 379 2759 cura,
400 2678 439 2740 ut
460 2695 527 2739 non
549 2676 745 2760 mandatam,
769 2676 826 2740 sed
848 2697 941 2741 suam
959 2698 1028 2741 rem
1045 2677 1090 2741 vi·

83 2765 215 2830 deretur
241 2783 346 2850 agere
389 2784 569 2864 numquam
595 2763 739 2847 suscepti
766 2764 891 2850 negotii
919 2786 993 2829 eum
1020 2787 1090 2850 per-

83 2857 211 2917 taesum
234 2855 298 2916 est:
330 2873 423 2916 suam
453 2852 540 2916 enim
563 2851 870 2917 existimationem
860 2874 895 2917 m
918 2874 956 2918 ea
978 2875 1013 2919 re
1036 2854 1091 2940 agi

82 2939 428 3111 tlttstlffll
444 2939 590 3112 titii
611 2940 1125 3114 tnttdttfilttttff

84 3116 263 3180 multorum
281 3119 448 3200 praeterea
466 3116 557 3198 equit
557 3138 614 3181 um
542 3077 849 3182 tldomanoruni
866 3051 1011 3202 negotiil
1018 3139 1091 3200 pro

84 3207 221 3269 curaret.
254 3225 293 3268 ex
307 3224 370 3286 quo
389 3202 525 3267 iudicari
543 3208 654 3287 potest
666 3226 733 3269 non
750 3204 877 3288 inertia,
895 3204 952 3268 sed
970 3204 1089 3270 iudicio

83 3291 207 3377 fugisse
231 3291 278 3356 rei
300 3290 449 3374 publicae
472 3293 743 3374 procurationem.

171 3377 397 3444 Humanitatis
419 3399 496 3443 vero
518 3379 645 3443 nullum
667 3378 782 3444 afferre
809 3378 913 3444 maius
943 3381 1090 3446 testimo·
1102 3381 1142 3446 16

83 3467 175 3531 nium
195 3488 340 3551 possum,
363 3487 461 3550 quam
479 3467 565 3550 quod
583 3467 770 3532 adulescens
789 3467 876 3532 idem
895 3468 968 3531 seni
982 3467 1098 3530 suess

84 3553 148 3618 fnit
168 3554 436 3643 iucundissimus,
466 3577 567 3623 senex
589 3554 802 3622 adulescenti
812 3553 872 3615 m.
881 3551 1027 3623 bretos
1047 3562 1134 3600 m
