2400 3922
451 223 484 277 V.
504 221 627 278 GIMON.
656 229 681 279 4.
1024 226 1066 290 21

56 389 133 434 cum
156 367 379 452 compluribus
402 366 484 432 locis
506 367 639 452 praedia
660 367 838 451 hortosque
860 368 1009 455 haberet,
1031 374 1069 436 ut

55 477 258 540 numquam
263 455 298 520 in
325 455 372 520 cis
400 456 568 521 custodem
595 456 742 540 posuerit
771 455 858 521 fruct
843 460 896 522 tus
920 459 1068 524 servandi

56 544 180 630 gratia,
201 564 243 607 nc
266 542 339 627 quis
362 543 535 627 impediret
535 566 588 629 ur,
616 545 788 628 quominus
811 545 858 609 eis
881 546 977 611 rebus
1001 547 1069 629 qui-

55 633 119 697 bus
143 631 281 716 quisque
304 630 403 696 vellet
430 631 600 698 frueretur.
646 653 774 716 semper
801 654 874 698 eum
901 633 1103 717 pedisequis

56 743 132 787 cum
158 719 302 785 nummis
330 723 408 784 sunt
431 720 547 804 secuti,
574 723 626 804 ut,
647 720 681 784 si
705 722 777 804 quis
802 722 872 805 opis
897 721 965 787 eius
988 721 1069 786 indi-

55 811 163 896 geret,
185 807 322 873 haberet
345 807 432 890 quod
455 808 569 872 statim
592 808 699 892 daret,
719 831 761 874 ne
785 808 961 875 differendo
984 809 1068 874 vide·

55 901 149 962 retur
171 916 299 982 negare.
345 916 451 980 saepe,
474 918 547 961 cum
571 860 713 981 aliquem
736 896 894 963 offensum
917 898 1067 963 fortunae

54 985 183 1051 videret
210 985 317 1049 minus
344 984 426 1049 bane
452 984 621 1068 vestitum,
649 1007 745 1051 suum
773 987 948 1052 amiculum
971 985 1067 1051 dedit.

56 1072 192 1152 cottidie
221 1073 268 1138 sic
295 1093 375 1138 cena
402 1072 432 1137 ai
459 1074 673 1158 coquebatur,
704 1078 755 1159 ut,
786 1096 866 1158 quos
898 1075 1102 1140 invocatosa

55 1161 233 1226 vidisset
223 1182 258 1226 m
285 1160 371 1246 foro,
403 1182 515 1226 omnes
543 1161 593 1225 ad
611 1183 645 1226 se
672 1167 817 1248 vocaret,
849 1164 935 1247 quod
961 1163 1067 1229 facere

54 1249 148 1315 nullo
166 1249 218 1313 dia
235 1249 528 1334 praetermittebat.
560 1250 642 1315 nulli
660 1250 787 1316 fides
759 1273 838 1337 erus,
859 1251 942 1317 nulli
961 1273 1068 1335 opera,

54 1337 141 1403 nulli
163 1358 216 1403 res
239 1336 412 1406 familiaris
436 1337 553 1402 defuit:
589 1339 711 1404 multos
733 1339 960 1424 locupletavit,
983 1361 1067 1404 com-

53 1426 167 1511 plures
189 1446 346 1512 pauperes
372 1427 472 1507 [mort
473 1428 562 1510 uos],
594 1427 649 1509 qui
676 1426 760 1492 unde
788 1428 939 1493 efferrent
924 1431 980 1493 tur
1001 1448 1068 1492 non

55 1513 280 1599 reliquissent,
307 1536 366 1580 suo
390 1518 523 1615 sumptu
546 1517 600 1578 ext
586 1513 672 1578 tulit.
718 1516 765 1579 sic
789 1536 823 1579 se
846 1514 986 1602 gerendo
1010 1515 1067 1580 mi·
1085 1530 1103 1581 4

54 1603 144 1667 nime
173 1605 224 1667 est
254 1602 453 1687 mirandum,
482 1602 511 1666 si
539 1606 573 1666 et
602 1600 671 1666 vita
700 1602 769 1669 eius
798 1602 863 1667 fuit
894 1622 1007 1667 secura
1034 1606 1068 1666 et

56 1711 145 1756 mors
170 1691 294 1756 acerba

377 1991 436 2067 VI.
470 1992 736 2067 LYSANDER.

144 2117 312 2215 Lysander
348 2128 621 2196 Lacedaemonius
659 2152 812 2232 magnam
847 2131 981 2215 reliquit
1017 2131 1106 2197 suil

55 2218 192 2303 famam,
220 2218 326 2320 magis
349 2216 489 2284 felicitat
438 2222 628 2302 tatequam
651 2219 701 2282 vir
702 2223 772 2284 tute
795 2223 1014 2303 partamt
967 2218 1067 2285 Athe

55 2308 185 2373 nienses
208 2307 296 2371 enim
318 2307 464 2372 adamus
485 2305 739 2389 Peloponnesios
766 2307 889 2373 bellum
917 2311 1066 2393 gerentes

56 2399 149 2460 sexto
173 2398 208 2459 et
229 2394 384 2460 vicesimo
408 2416 493 2460 anno
523 2394 699 2460 confecisse
727 2398 877 2478 apparet,
907 2414 1002 2475 aeque
1033 2395 1101 2460 ida

56 2504 121 2568 qua
138 2482 266 2548 ratione
285 2487 477 2550 consecutus
501 2483 545 2547 sit
568 2483 664 2547 latet:
686 2481 858 2547 nonenim
875 2481 998 2546 virtute
1016 2482 1067 2547 sui

56 2571 232 2655 exercitus,
260 2570 316 2636 sed
343 2571 550 2637 immodestia
579 2570 702 2636 factum
726 2574 777 2635 est
800 2569 1067 2654 adversariorum,

56 2661 121 2744 qui,
139 2659 228 2743 quod
246 2659 333 2724 dicto
349 2660 516 2724 audientes
537 2659 788 2743 imperatoribus
804 2658 871 2724 suis
885 2679 952 2723 non
966 2661 1067 2741 crant,

55 2747 210 2832 dispalati
233 2748 268 2812 in
286 2748 375 2833 agris
394 2747 517 2813 relictis
535 2748 673 2813 navibus
691 2749 727 2811 in
744 2745 891 2813 hostium
909 2751 1068 2812 venerunt

54 2838 264 2919 potestatem.
304 2855 368 2918 quo
391 2834 480 2900 facto
504 2834 721 2901 Athenienses
745 2858 779 2902 se
803 2835 1066 2903 Lacedaemoniis

55 2924 257 2989 dediderunt.
298 2924 359 2989 hac
382 2924 520 2988 victoria
542 2923 709 3008 Lysander
732 2925 851 3008 elatus,
874 2946 948 2991 cum
971 2929 1101 2991 anteaa

54 3033 183 3094 semper
210 3009 368 3076 factiosus
396 3011 563 3096 audaxque
591 3011 723 3097 fuisset,
755 3013 801 3078 sic
830 3013 893 3079 sibi
922 3014 1067 3098 indulsit,

54 3104 89 3164 ut
113 3099 186 3164 eius
211 3119 310 3182 opera
336 3099 372 3163 in
398 3101 576 3164 maximum
599 3100 708 3165 odium
733 3099 887 3167 Graeciae
910 3101 1067 3166 Laccdae-

54 3187 156 3253 monii
183 3187 399 3271 pervenerint.
444 3209 521 3252 nam
544 3210 617 3255 curn
644 3189 728 3255 hanc
756 3211 887 3255 causam
909 3188 1066 3253 Lacedae·
1084 3205 1101 3253 4

54 3275 155 3341 monii
179 3275 248 3340 dict
233 3275 388 3340 titassent
406 3275 470 3340 sibi
489 3298 560 3342 csse
579 3277 666 3361 belli,
688 3275 1067 3343 utAthenicnsium1m-

22 3415 26 3425 .
53 3366 224 3447 potentem
247 3362 403 3428 dominat
379 3367 502 3429 tronem
525 3363 753 3451 refringerent,
782 3368 958 3448 postquam
981 3364 1067 3445 apud

54 3451 165 3538 Aegos
193 3450 314 3516 fiumen
341 3450 508 3535 Lysander
536 3453 648 3518 classis
678 3452 824 3518 host1um
851 3454 901 3515 est
930 3452 1068 3548 potitus

54 3539 134 3604 nihil
163 3539 252 3604 aliud
280 3539 375 3605 molit
361 3543 415 3605 tus
444 3544 495 3606 est
523 3562 624 3628 quam
649 3546 692 3608 ut
719 3560 836 3606 omues
863 3537 1052 3604 ciuitates
1048 3555 1096 3597 us
