2400 3922
398 225 445 280 VI.
464 224 669 286 LYSANDER.
696 233 722 282 3.
740 232 765 282 l.
1042 230 1086 294 23

74 372 137 437 bus
156 372 222 436 dux
240 370 402 458 deligatur
419 370 460 435 ad
477 371 601 435 bellum
620 371 805 457 gerendum,
824 372 880 436 sed
897 374 943 440 sic
955 374 1086 460 scripta,

74 464 111 525 ut
135 460 233 524 deum
255 458 419 523 videretur
441 479 617 544 congruere
641 459 830 545 sententiae,
853 481 951 544 quam
973 462 1029 527 ille
1051 484 1086 528 se

73 548 266 612 habiturum
283 546 421 630 pecunia
438 546 540 610 fidens
558 568 624 611 non
638 547 812 612 dubitarat
845 549 929 613 hanc
944 550 973 613 ei
988 551 1086 634 scrip·

75 636 158 701 sisse
183 633 286 700 Cleon
307 633 553 718 Halicarnasius
576 634 704 699 dicitur.

163 722 274 805 Atque
301 723 364 787 hoc
391 723 463 787 loco
490 744 557 787 non
583 725 634 787 est
664 724 935 806 praetereundum
961 724 1126 792 factum4

74 810 289 895 Pharnabazi,
313 811 452 895 satrapis
476 810 567 896 regii.
611 831 688 875 nam
710 833 784 876 curn
806 810 973 895 Lysander
995 834 1085 895 prae·

73 899 181 965 fectus
209 897 324 963 elassis
351 898 386 963 in
412 898 499 963 bello
527 897 631 962 multa
658 899 830 964 crudeliter
857 922 1015 984 avareque
1042 900 1086 965 fe-

75 988 177 1054 cisset
200 987 303 1070 deque
325 987 367 1050 iis
390 986 487 1051 rebus
510 986 730 1070 suspicaretur
752 987 793 1053 ad
815 988 901 1053 cives
920 1010 996 1054 suos
1015 1010 1085 1053 esse

73 1075 248 1162 perlatum,
265 1074 363 1159 petiit
381 1072 624 1139 aPhamabazo
638 1078 677 1138 ut
695 1075 736 1138 ad
754 1075 893 1161 ephoros
912 1077 976 1141 sibi
995 1077 1086 1142 testi·

74 1163 223 1229 monium
246 1163 347 1247 daret,
371 1166 493 1246 quanta
515 1162 689 1228 sanctitate
711 1163 835 1229 bellum
858 1165 1014 1250 gessisset
1037 1186 1086 1231 so-

75 1252 208 1335 ciosque
241 1254 429 1336 tractasset,
461 1251 563 1334 deque
593 1272 631 1315 ea
662 1272 697 1314 re
730 1256 878 1317 accurate
911 1254 1085 1320 scriberet:

74 1361 229 1426 magnam
258 1339 344 1403 enim
374 1339 444 1403 eius
477 1339 707 1404 auctoritatem
738 1340 774 1403 in
801 1362 839 1405 ea
865 1363 900 1406 re
931 1342 1085 1406 futuram.

74 1427 152 1493 huic
174 1426 231 1491 ille
253 1427 433 1491 liberaliter
454 1425 641 1510 pollicetur:
663 1427 785 1491 librum
803 1429 958 1514 grandem
976 1429 1120 1494 serbisa

74 1515 189 1581 multis
213 1514 420 1598 conscripsit,
449 1514 484 1579 in
508 1513 624 1597 quibus
649 1515 784 1578 summis
807 1537 881 1580 eum
904 1516 997 1580 effert
1019 1518 1086 1581 lau-

74 1605 181 1668 dibus.
210 1624 307 1686 quem
321 1624 396 1668 cum
408 1602 457 1667 bic
469 1602 605 1688 legisset
622 1601 866 1687 probassetque,
885 1603 961 1667 dum
980 1603 1085 1686 signa·

75 1697 137 1776 tur,
161 1691 303 1756 alterum
320 1691 391 1776 pari
410 1690 632 1776 magnitudine
650 1693 681 1754 et
696 1692 790 1754 tanta
808 1689 1029 1774 similitudine,
1047 1694 1086 1753 ut

76 1779 215 1845 discerni
237 1801 305 1844 non
326 1783 448 1863 posset,
471 1778 636 1864 signatum
654 1777 803 1863 subiecit,
821 1778 857 1842 in
875 1799 938 1862 quo
958 1799 1085 1843 accura-

74 1868 204 1933 tissime
219 1867 288 1931 eius
299 1867 471 1932 avaritiam
480 1866 712 1950 perfidiamque
723 1870 899 1932 accusarat.
919 1864 1085 1950 Lysander
1104 1883 1120 1932 a

75 1957 209 2021 domum
232 1976 305 2020 cum
328 1955 480 2038 redisset,
508 1958 682 2038 postquam
710 1955 749 2019 de
772 1956 839 2020 suis
862 1956 959 2020 rebus
982 1953 1084 2041 gestis

75 2044 161 2129 apud
194 2042 372 2108 maximum
404 2043 634 2128 magistratum
661 2064 743 2126 quae
772 2044 920 2109 voluerat
952 2043 1086 2127 dixerat,

75 2131 259 2196 testimonii
285 2131 358 2196 loco
387 2131 509 2194 librum
532 2152 552 2194 a
572 2129 783 2197 Pharnabazo
807 2132 919 2196 datum
941 2131 1085 2196 tradidit.

75 2220 161 2285 hunc
185 2223 349 2284 summoto
368 2217 537 2302 Lysandro
560 2240 634 2284 cum
657 2219 771 2302 ephori
794 2223 999 2304 cognossent,
1021 2219 1085 2302 ipsi

75 2307 249 2394 legendum
271 2306 436 2371 dederunt.
472 2307 520 2372 ita
541 2305 597 2370 ille
620 2305 806 2389 imprudens
829 2307 899 2390 ipse
923 2328 999 2371 suus
1021 2306 1085 2370 fuit

76 2398 256 2463 accusator.

477 2535 688 2545 ——-—-—

378 2695 456 2770 VII.
479 2693 778 2768 ALCIBIADES.

163 2835 361 2918 Alcibiades,
379 2831 503 2898 Cliniae
525 2833 622 2919 filius,
638 2833 857 2899 Atheniensis.
894 2835 929 2899 in
950 2835 1013 2901 hoc
1030 2857 1085 2900 na
1106 2836 1123 2900 l

75 2928 151 2990 tura
186 2923 264 3006 quid
295 2921 422 2987 efficere
460 2922 566 3006 possit
598 2922 727 2987 videtur
759 2925 901 3007 experta
956 2928 1086 2989 constat

75 3012 164 3077 enim
191 3011 277 3076 inter
305 3031 429 3094 omnes,
457 3009 513 3092 qui
541 3009 579 3074 de
603 3031 640 3074 eo
663 3010 838 3076 memoriae
865 3012 1086 3098 prodiderunt,

74 3100 160 3165 nihil
188 3098 246 3163 illo
273 3098 375 3163 fuisse
403 3097 612 3162 excellentius
639 3098 691 3162 vel
720 3098 756 3163 in
781 3099 871 3164 vitiis
894 3100 946 3165 vel
968 3100 1003 3164 in
1024 3101 1086 3164 vir-

75 3188 213 3253 tutibus.
251 3190 348 3250 natus
370 3186 406 3250 in
429 3185 630 3270 amplissima
652 3185 784 3252 civitate
808 3209 934 3252 summo
958 3203 1119 3271 generes

76 3276 223 3341 omnium
246 3273 364 3339 aetatis
389 3295 464 3340 suae
488 3274 592 3337 multo
616 3273 887 3358 formosissimus,
914 3274 1016 3356 dives3
1044 3274 1085 3339 ad

76 3385 189 3430 omnes
208 3384 261 3428 res
280 3366 375 3446 aptus
395 3362 586 3444 consiliique
604 3361 719 3445 plenus
737 3359 888 3447 (namque
906 3361 1085 3444 imperator

75 3451 139 3517 luit
162 3472 309 3518 summus
332 3454 366 3516 et
388 3450 471 3515 mari
494 3453 528 3513 et
550 3447 666 3535 terra),
688 3449 838 3531 disertus,
860 3452 898 3512 ut
916 3448 951 3511 in
968 3449 1084 3533 primis

77 3539 212 3606 dicendo
243 3539 379 3624 valeret,
412 3536 498 3622 quod
528 3540 623 3603 tanta
652 3541 726 3603 erat
754 3536 1003 3602 commenda-‘im
1032 3538 1107 3598 she
