2400 3922
380 219 452 276 xlv.
472 219 651 276 DATAMES.
672 227 712 277 ιο.
726 227 776 276 ιι.
1044 223 1087 287 55

74 372 111 434 ει
134 367 252 433 absens
275 365 455 431 amicitiam
478 387 552 432 cum
574 363 713 430 Datame
736 365 825 450 facit,
851 366 937 452 regis
960 368 1088 450 provin·

74 458 145 524 cias
162 459 277 539 uexat,
306 455 441 519 castella
463 458 641 540 expugnat,
668 474 803 540 magnas
831 454 968 538 praedas
992 455 1088 539 capit,

75 564 217 630 quarum
246 542 370 627 partim
401 541 469 607 suis
501 542 668 626 dispertit,
699 543 821 627 partim
853 542 893 606 ad
925 540 1089 607 Datamen

76 632 197 717 mittit3
224 631 296 716 pari
323 631 419 696 modo
448 631 616 714 complura
638 631 773 696 castella
795 631 825 695 ei
852 630 962 696 tradit.
939 630 1123 707 thaec3

76 722 134 787 diu
165 720 312 786 faciendo
344 719 491 804 peruasit
522 719 648 784 homini
675 741 710 784 se
742 719 907 784 infinitum
935 719 1088 784 adversus

76 810 198 913 regem
211 808 393 893 suscepisse
416 807 548 892 bellum,
571 829 645 873 cum
667 807 771 872 nihilo
791 807 906 895 magis,
928 829 969 872 ne
991 828 1089 892 quam

77 897 296 1000 suspicionem
328 896 378 961 illi
409 896 581 980 praeberet
611 896 820 981 insidiarum,
854 917 959 979 neque
992 895 1089 961 collo-

78 987 192 1088 quium
211 985 281 1051 eius
299 984 418 1087 petivit
431 1005 535 1068 neque
554 984 813 1069 inconspectum
826 985 935 1050 venire
954 983 1088 1049 studuit.

77 1077 126 1141 sic
144 1075 262 1140 absens
281 1072 460 1138 amicitiam
479 1072 623 1158 gerebat,
640 1077 758 1138 utnon
772 1073 938 1140 beneficiis
957 1072 1089 1155 mutuis,

77 1162 134 1230 sed
157 1162 323 1229 communi
339 1161 425 1247 odio,
447 1160 534 1245 quod
553 1181 631 1246 erga
648 1182 759 1247 regem
778 1165 996 1247 susceperant,
1017 1182 1090 1226 con·

77 1251 178 1317 tineri
200 1251 395 1316 viderentur.

166 1337 206 1405 Id
229 1360 303 1404 cum
326 1339 408 1404 satis
426 1359 461 1403 se
480 1338 688 1404 confirmasse
708 1339 887 1404 arbitratus
906 1342 1002 1423 esset,
1025 1347 1136 1413 cer-11

77 1430 198 1494 tiorem
220 1426 301 1493 facit
318 1425 385 1492 Dat
370 1430 490 1511 tamen,
513 1431 662 1527 tempus·
662 1447 733 1492 esse
752 1428 892 1492 maiores
914 1447 962 1492 rea
980 1426 1089 1528 parari

77 1521 112 1582 et
133 1515 259 1581 bellum
281 1535 356 1581 cum
378 1515 450 1599 ipso
473 1536 550 1599 rege
575 1514 714 1616 suscipi,
742 1515 843 1598 deque
866 1536 906 1579 ea
932 1536 980 1598 re,
1008 1515 1037 1578 si
1060 1514 1089 1577 ei

77 1605 203 1670 videret
203 1625 252 1689 ur,
271 1624 340 1691 quo
354 1603 427 1668 loco
445 1602 581 1687 vellet,
571 1625 606 1667 m
625 1602 824 1686 colloquium
848 1602 981 1668 veniret.
1017 1623 1090 1684 prc-

77 1693 158 1759 bata
187 1713 222 1756 re
252 1687 457 1777 colloquendi
489 1653 619 1775 tenipus
652 1691 791 1756 sumitur
823 1691 992 1791 locusque,
1025 1710 1089 1788 quo

78 1780 314 1848 conveniretur
359 1780 423 1846 huc
445 1778 653 1844 Mithridates
677 1801 752 1844 cum
774 1801 853 1863 uno,
876 1779 928 1844 cui
951 1798 1090 1843 maxime
1109 1803 1126 1852 ι

77 1869 223 1935 habebat
244 1868 351 1952 fidem,
374 1872 450 1934 ante
468 1869 595 1952 aliquot
580 1868 681 1933 tdies
700 1867 789 1933 venit
805 1867 1090 1951 compluribusque

77 1957 160 2024 locis
188 1957 365 2057 separatim
392 1956 519 2042 gladios
547 1957 658 2021 obruit
684 1978 786 2043 eaque
815 1957 888 2022 loca
917 1955 1091 2041 diligenter

76 2049 183 2113 notat
228 2045 300 2129 ipso
328 2049 439 2110 autem
466 2045 625 2129 colloquii
647 2045 698 2110 dic
726 2046 869 2130 utrique,
898 2045 1007 2110 locum
1035 2042 1091 2128 qui

78 2133 288 2237 explorarent
310 2133 440 2217 atque
430 2153 520 2218 1psos
544 2137 779 2218 scrutarentur,
803 2134 879 2199 mitt
865 2137 954 2218 tunt3
976 2132 1090 2197 deinde

77 2223 143 2307 ipsi
166 2225 244 2287 sunt
266 2222 441 2308 congressi.
476 2221 531 2286 hic
550 2242 624 2286 cum
647 2185 878 2304 aliquamdiu
869 2244 904 2285 m
927 2220 1090 2305 colloquio
1110 2245 1126 2292 a

77 2311 222 2376 fuissent
247 2313 282 2375 et
308 2310 428 2376 diversi
455 2309 681 2374 discessissent
703 2309 832 2393 iamque
855 2309 968 2392 procul
991 2308 1091 2372 Data-

78 2420 148 2467 mes
177 2397 323 2482 abesset,
350 2397 572 2482 Mithridates,
600 2397 792 2481 priusquam
814 2396 855 2461 ad
878 2417 954 2460 suos
982 2416 1091 2478 perve-

78 2488 174 2572 niret,
196 2507 356 2570 nequam
378 2487 597 2570 suspicionem
614 2488 752 2569 pareret,
774 2485 810 2550 in
828 2484 965 2549 eundem
982 2484 1091 2548 locum
1158 2547 1162 2553 .

78 2575 256 2640 revertitur
278 2578 377 2658 atque
399 2575 456 2658 ibi,
478 2575 535 2639 ubi
558 2574 660 2639 telum
679 2577 750 2638 erat
771 2573 940 2656 infossum,
962 2574 1092 2659 resedit,

78 2668 116 2728 ut
139 2664 169 2728 si
192 2663 385 2728 lassitudine
408 2666 541 2747 cuperet
564 2661 777 2746 acquiescere,
799 2659 1025 2746 Datamenque
1044 2685 1091 2728 re-

78 2751 223 2834 vocavit,
251 2751 408 2816 simulans
436 2772 470 2815 se
499 2751 652 2834 quiddam
674 2751 709 2815 in
731 2751 894 2835 colloquio
918 2772 988 2817 esse
1012 2753 1092 2817 obli·

79 2844 160 2904 tum
206 2801 339 2904 interim
361 2840 472 2923 telum,
480 2839 652 2991 ‚quodt
604 2840 652 2903 lat
654 2840 738 2922 ebat,
760 2844 836 2924 prot
822 2840 900 2905 tulit
922 2841 1023 2906 nudat
1009 2845 1093 2907 tum·
1110 2859 1128 2908 4

79 2949 143 3012 que
166 2928 287 3013 vagina
308 2928 505 2993 resteterit
528 2948 565 2992 ac
587 2925 721 2992 Datami
744 2929 887 2994 venienti
910 2931 1092 3017 ait,digre-

79 3015 224 3116 dientem
252 3037 286 3080 se
310 3015 578 3081 animadvertisse
601 3016 710 3081 locum
733 3018 907 3101 quendam,
938 3019 993 3103 qui
1021 3023 1092 3083 erat

79 3102 114 3167 in
137 3108 324 3189 conspect,
293 3127 315 3169 u
278 3104 388 3169 tad
411 3108 519 3170 castra
541 3105 690 3189 ponenda
709 3125 779 3170 esse
798 3105 957 3170 idoneum.
995 3122 1127 3188 quemc

80 3211 154 3256 cum
183 3192 288 3277 digito
316 3194 465 3258 demonst
466 3197 554 3257 rarat
578 3196 612 3256 et
639 3193 695 3256 ille
722 3194 912 3278 respiceret,
942 3214 1092 3258 aversum

79 3278 166 3345 ferro
191 3280 357 3345 transfixit
379 3282 547 3365 priusque,
571 3301 669 3363 quam
693 3281 864 3364 quisquam
887 3284 1000 3362 posset
1022 3301 1092 3346 suc-

80 3389 223 3453 currere,
250 3368 423 3435 interfeoit.
468 3368 517 3433 ita
539 3368 595 3432 illc
618 3369 681 3452 vir,
711 3369 768 3451 qui
795 3368 916 3432 multos
945 3368 1091 3454 consilio,

80 3457 245 3522 neminem
262 3458 398 3541 perfidia
417 3461 555 3541 ceperat,
574 3456 728 3521 simulata
743 3458 857 3539 captus
873 3459 922 3520 est
937 3456 1094 3521 amicitia.
