2400 3922
338 222 398 280 XV.
417 223 689 282 EPAMINONDAS.
717 233 742 282 5.
762 233 787 282 6.
1029 229 1072 294 59

50 368 151 436 citati
175 389 247 434 esse
270 369 397 434 debent.
432 391 532 453 quare
555 369 584 433 ai
605 370 769 454 principes
794 370 949 438 Graeciae
973 374 1072 439 vultis

50 479 138 543 esse,
162 456 281 522 castris
304 461 356 522 est
378 458 471 522 robis
493 457 660 543 utendum,
682 480 749 524 non
766 460 951 543 palaestra?
985 461 1107 526 idemo

55 547 113 612 ille
135 543 334 610 Meneclides
358 566 432 610 cum
454 545 530 611 huic
561 546 717 632 obiceret,
748 548 835 630 quod
861 548 983 613 liberos
1006 570 1073 614 non

54 635 196 700 haberet
216 654 322 717 neque
350 655 485 699 uxorem
511 633 671 719 duxisset,
701 635 905 721 maximeque
935 637 1073 701 insolen-

54 725 150 807 tiam,
173 721 260 806 quod
283 721 347 786 sibi
366 721 622 808 Agamemnonis
645 723 724 787 belli
747 724 886 810 gloriam
909 725 1073 789 videretur

52 814 268 878 consecutus:
291 814 326 874 et
339 809 395 875 ille
410 809 552 894 ‘desine'
571 810 679 896 inquit
693 810 893 898 ‘Meneclida
916 812 955 877 de
973 834 1073 878 uxorc

56 899 141 965 1111111
168 897 379 983 exprobrare:
415 920 492 963 nam
519 898 641 964 nullius
669 899 705 964 in
730 900 797 964 ista
823 922 858 965 re
888 900 995 966 minus
1023 902 1073 966 uti

52 986 198 1054 consilio
220 985 317 1052 volo?
355 984 513 1139 shabebat
531 986 618 1052 enim
636 985 832 1054 Meneclides
855 989 1073 1073 suspicionem

52 1073 236 1162 adulterii)
278 1073 355 1159 ‘quo
400 1079 509 1140 autem
532 1097 584 1140 me
607 1075 887 1161 Agamemnonem
917 1076 1108 1142 aemularis

57 1168 167 1249 putas,
188 1161 323 1228 falleris.
356 1183 496 1247 namque
519 1162 575 1227 ille
598 1185 672 1229 cum
694 1164 846 1230 universa
865 1163 1002 1231 Graecia
1018 1165 1074 1230 rix

53 1252 170 1318 decem
199 1251 293 1316 annis
320 1272 420 1316 unam
448 1251 535 1336 oepit
561 1252 689 1336 urbem,
717 1273 779 1338 ego
808 1257 923 1319 contre
949 1275 988 1318 11
1009 1275 1074 1319 ona

53 1341 139 1406 urbe
152 1343 267 1405 nostra
285 1339 401 1424 dieque
418 1361 483 1404 uno
502 1343 608 1405 totam
623 1338 794 1405 Graeciam
807 1339 1073 1406 Lacedaemoniis

55 1427 182 1515 iugatis
204 1427 362 1492 liberari?

147 1515 241 1582 Idem
269 1537 342 1581 cum
370 1516 406 1580 in
432 1520 627 1580 conventum
649 1516 794 1581 venisset
816 1515 994 1601 Arcadum,
1020 1518 1112 1600 pe·6

52 1610 132 1671 tens
154 1608 195 1670 ut
216 1604 409 1670 societatem
433 1625 507 1669 cum
525 1602 688 1668 Thebanis
710 1607 745 1668 et
762 1602 897 1689 Argivis
919 1604 1074 1687 facerent,

53 1697 238 1776 contraque
257 1690 476 1777 Callistratus,
498 1691 750 1757 Atheniensium
773 1691 912 1778 legatus,
935 1692 992 1774 qui
1011 1691 1074 1755 elo-

54 1781 195 1866 quentia
217 1801 330 1845 omnes
353 1802 391 1846 eo
418 1781 609 1864 praestabat
636 1784 797 1864 tempore,
825 1780 1009 1864 postularet
1035 1782 1073 1843 ut

57 1869 171 1955 potius
190 1869 369 1934 amicitiam
384 1873 596 1953 sequerentur
610 1868 807 1954 Atticorum,
830 1869 912 1933 etin
926 1868 1073 1932 oratioue

53 1980 120 2024 *sua
146 1957 252 2022 multa
278 1957 425 2023 invectus
450 1962 537 2022 esset
564 1957 599 2021 in
621 1956 793 2023 Thebanos
817 1962 851 2022 et
873 1956 1015 2042 Argivos
1038 1956 1073 2019 in

52 2047 172 2199 empne
198 2045 265 2198 hoel
288 2045 467 2199 pospisset,
498 2047 644 2198 anpmunr
672 2045 839 2111 advertere
869 2045 985 2197 clepere
1012 2043 1107 2145 Ara

55 2153 1072 2306 trata?sstttza⁰¹htttt⁶⁵rffgtt5⁸3hesst

54 2311 213 2377 Orestem
241 2313 276 2374 ct
297 2309 509 2375 Alcmeonem
536 2308 737 2392 matricidas,
766 2309 888 2373 Thebis
912 2306 1072 2390 Oedipum

57 2403 185 2483 natum,
208 2398 273 2483 qui,
295 2419 369 2463 cum
391 2402 520 2482 patrem
543 2419 638 2463 suum
660 2395 887 2480 interfecisset,
910 2417 950 2459 ex
967 2398 1072 2458 matre

58 2488 182 2552 liberos
200 2490 418 2570 procreasset:
437 2487 513 2551 huic
531 2487 566 2550 in
584 2484 806 2568 respondendo
820 2481 1073 2566 Epaminondas,
1092 2498 1108 2546 e

54 2596 135 2641 eum
158 2573 198 2639 de
223 2575 339 2639 ceteris
362 2579 560 2658 perorasset,
589 2575 765 2657 postquam
788 2569 909 2634 odilla
932 2570 994 2633 duo
1019 2590 1073 2652 op-

58 2662 194 2748 probria
215 2662 372 2745 pervenit,
395 2660 548 2725 admirari
572 2681 606 2725 se
629 2660 712 2724 dixit
735 2657 912 2722 stultitiam
931 2657 1073 2722 rhetoris

59 2750 177 2834 Attici,
201 2749 257 2833 qui
279 2771 346 2813 non
369 2748 643 2831 animadverterit,
666 2748 855 2811 innocentes
878 2746 954 2811 illos
976 2749 1073 2811 natos

56 2839 166 2922 domi,
189 2837 310 2903 scelere
334 2836 475 2901 admisso
500 2856 573 2901 cum
596 2835 704 2919 patria
727 2838 836 2900 essent
859 2835 999 2920 expulsi,
1026 2856 1073 2899 re·

55 2930 174 3011 captos
198 2946 268 2990 esse
292 2925 333 2988 ab
357 2923 621 3010 Atheniensibus.
667 2923 723 2988 sed
754 2924 893 2988 maxime
917 2924 986 2989 eius
1009 2923 1107 2988 elo-c

60 3013 196 3099 quentia
214 3012 318 3078 eluxit
333 3010 470 3096 Spartae
488 3011 591 3098 legati
610 3016 686 3077 ante
702 3031 846 3097 pugnam
860 3011 1073 3078 Leuctricam.

58 3124 125 3186 quo
149 3122 225 3167 cum
244 3101 389 3166 omnium
404 3100 567 3165 sociorum
581 3100 807 3165 convenissent
830 3100 941 3185 legati,
964 3121 1073 3164 coram

56 3189 328 3275 frequentissimo
354 3188 582 3274 [legationum]
608 3191 768 3254 conventu
792 3188 839 3252 sic
861 3186 1073 3252 Lacedaemo·

58 3279 191 3345 nicrum
219 3277 424 3362 tyrannidem
453 3275 615 3362 coarguit,
644 3280 772 3341 utnon
793 3275 901 3339 minus
925 3274 1072 3338 1111111-

56 3367 151 3434 tione
175 3388 254 3451 opes
278 3386 390 3431 eorum
414 3364 617 3431 concusserit
640 3386 738 3448 quam
760 3361 932 3427 Leuctrica
954 3383 1072 3447 pugna.

57 3459 131 3520 tum
164 3456 251 3521 enim
283 3453 433 3538 perfecit,
466 3453 553 3536 quod
581 3457 658 3537 post
687 3450 853 3536 apparuit,
883 3454 921 3515 ut
951 3449 1071 3516 auxilio

60 3540 336 3622 [lracedaemonii]
361 3541 524 3608 sociorum
547 3541 768 3627 privarentur.
