2400 3922
338 219 439 275 XXIII.
458 220 656 276 HANNIBAL.
687 228 799 278 10-12.
1041 225 1084 290 95

71 369 144 429 erat
166 364 281 429 navale
300 364 470 448 proelium,
494 365 679 429 classiarios
699 370 856 431 convocat
874 366 980 450 iisque
995 390 1085 451 prae

74 453 181 536 cipit,
199 473 310 516 omnes
339 455 377 515 ut
404 452 440 517 in
468 473 567 516 unam
589 451 746 518 Eumenis
775 454 862 539 regis
891 461 1084 521 concurrant

73 561 203 624 navem,
233 561 253 603 a
276 539 393 604 ceteris
421 542 551 604 tantum
579 541 659 604 satis
682 540 826 606 babeant
849 563 883 606 se
906 542 1084 608 defendere.

72 628 107 692 id
138 627 213 691 illos
245 626 341 691 facile
374 627 575 711 serpentium
606 628 816 693 multitudine
844 634 1083 695 consecuturos.

73 737 130 779 rex
153 719 263 779 autern
281 715 317 779 in
335 736 399 798 qua
416 737 499 780 nave
517 715 698 800 veheretur,
721 720 759 780 ut
778 718 907 802 scirent,
930 738 964 782 se
983 717 1119 783 factu-o

74 825 160 868 rum:
185 824 280 886 quern
299 803 328 867 si
347 808 404 867 aut
428 803 590 887 cepissent
613 808 670 868 aut
692 802 942 890 interfecissent,
965 827 1083 891 magno

73 891 115 955 iis
137 891 312 974 pollicetur
334 892 480 975 praemio
503 890 581 956 fore.
617 893 677 956 tali
696 893 922 958 cohortatione
941 893 1131 958 militumll

73 979 162 1043 facta
176 978 290 1043 classis
305 979 346 1043 ab
361 979 507 1063 utrisque
522 979 557 1043 in
570 980 731 1063 proelium
744 980 921 1047 deducitur.
946 1003 1084 1065 quarum

75 1067 143 1131 acie
176 1066 368 1150 constituta,
400 1067 590 1151 priusquam
620 1068 750 1154 signum
781 1090 910 1155 pugnae
943 1069 1084 1153 daretur,

74 1153 253 1238 Hannibal,
278 1158 317 1218 ut
344 1155 454 1238 palam
481 1155 604 1218 faceret
626 1156 708 1240 suis,
738 1178 802 1240 quo
826 1158 898 1222 loco
921 1156 1083 1222 Eumenes

76 1246 170 1327 esset,
193 1242 402 1306 tabellarium
424 1242 460 1306 in
482 1242 603 1325 scapha
622 1263 695 1307 cum
714 1243 853 1310 caduceo
877 1245 990 1309 mittit.
1028 1245 1084 1329 qui
1102 1259 1119 1308 a

74 1330 132 1394 ubi
164 1330 204 1394 ad
239 1350 338 1395 naves
371 1329 629 1394 adversariorum
665 1332 813 1415 pervenit
845 1334 1085 1417 epistulamque

76 1418 249 1483 ostendens
273 1437 307 1482 se
330 1436 442 1500 regem
464 1416 632 1500 professus
656 1421 706 1481 est
725 1439 888 1504 quaerere,
912 1421 1025 1485 statim
1044 1421 1085 1486 ad

74 1506 255 1571 Eumenem
282 1502 438 1569 deductus
467 1507 531 1587 est,
562 1505 649 1586 quod
671 1526 767 1569 nemo
800 1507 972 1571 dubitabat
1006 1509 1086 1590 quin

75 1592 199 1676 aliquid
222 1591 260 1655 de
280 1611 358 1673 pace
377 1594 464 1655 esset
482 1590 648 1674 scriptum.
685 1592 875 1657 tabellarius
895 1593 985 1658 ducis
1003 1616 1085 1659 nave

74 1682 241 1746 declarata
264 1678 330 1742 suis
355 1680 481 1763 eodem,
503 1679 588 1742 unde
612 1683 682 1743 erat
706 1700 872 1764 egressus,
895 1702 929 1744 se
952 1681 1085 1765 recepit
1133 1682 1136 1688 ’

75 1774 110 1834 at
133 1766 296 1831 Eumenes
320 1766 428 1830 soluta
451 1766 592 1849 epistula
613 1767 696 1830 nihil
723 1767 759 1831 in
786 1789 824 1832 ea
850 1768 995 1852 repperit
1020 1769 1120 1834 nisis

76 1876 159 1941 quae
187 1853 227 1918 ad
254 1852 452 1918 irridendum
480 1876 554 1919 eum
580 1852 790 1939 pertinerent.
837 1857 927 1921 cuius
954 1857 1000 1921 rei
1022 1857 1086 1921 etsi

77 1964 208 2009 causam
230 1941 411 2005 mirabatur
433 1962 538 2024 neque
561 1943 744 2026 reperiebat
787 1947 898 2009 tamen
925 1943 1104 2028 proelium

77 2031 191 2097 statim
215 2030 418 2094 committere
440 2050 507 2093 non
530 2028 700 2095 dubitarit.
738 1993 856 2096 borum
874 2033 909 2097 in
927 2044 1121 2097 concursus

76 2118 214 2202 Bithyni
230 2116 425 2181 Hannibalis
444 2121 618 2199 praecepto
636 2118 779 2183 universi
797 2141 914 2185 navem
929 2119 1085 2186 Eumenis

78 2207 276 2273 adoriuntur.
300 2225 438 2287 quorum
456 2203 523 2268 vim
541 2225 597 2268 rex
612 2225 686 2268 cum
705 2205 865 2270 sustinere
883 2228 949 2271 non
964 2212 1086 2292 posset,

77 2295 156 2381 fuga
180 2293 319 2358 salutem
342 2291 448 2375 petiit,
477 2312 576 2374 quam
599 2295 791 2356 consecutus
814 2314 881 2357 non
903 2297 999 2377 esset,
1021 2294 1086 2359 nisi

77 2384 164 2448 intra
192 2402 250 2445 sua
281 2378 442 2465 praesidia
469 2400 504 2443 se
536 2379 725 2462 recepisset,
758 2400 839 2462 quae
870 2380 906 2444 in
936 2381 1085 2464 proximo
1129 2462 1131 2465 .

77 2471 174 2536 litore
193 2472 286 2533 erant
305 2467 472 2532 collocata.
499 2466 643 2550 reliquae
657 2466 877 2552 Pergamenae
895 2489 993 2532 naves
1013 2481 1121 2533 cumo

78 2556 279 2623 adversarios
310 2558 494 2639 premerent
526 2554 650 2639 acrius,
686 2553 819 2638 repente
855 2555 891 2619 in
923 2576 976 2620 eas
1008 2578 1087 2620 vasa

77 2644 206 2728 fictilia,
238 2643 276 2708 dc
305 2642 422 2726 quibus
451 2664 549 2727 supra
576 2642 774 2707 mentionem
801 2641 951 2727 fecimus,
983 2643 1087 2708 conici

78 2737 195 2817 coepta
214 2735 298 2795 sunt.
333 2752 415 2814 quae
435 2731 521 2796 iacta
538 2730 633 2794 initio
652 2731 755 2795 risum
773 2729 995 2816 pugnantibus
1015 2752 1087 2797 con-

79 2822 231 2904 cItarunt,
252 2839 356 2903 neque
380 2840 479 2902 quare
498 2818 532 2883 id
549 2818 642 2882 fieret
661 2822 792 2902 poterat
810 2818 966 2905 intellegi.
998 2823 1087 2904 post
1106 2836 1122 2884 o

78 2931 177 2995 quam
196 2911 305 2973 autern
322 2927 420 2971 naves
440 2928 515 2972 suas
535 2907 684 2991 oppletas
703 2911 940 2990 conspexeramt
961 2929 1087 2992 serpen·

77 2998 177 3080 tibus,
190 3016 275 3060 nova
288 3016 323 3058 re
336 2995 512 3079 perterriti,
526 3016 609 3079 cum,
623 2994 700 3078 quid
713 2995 923 3078 potissimum
936 2996 1088 3079 vitarent,

76 3107 144 3150 non
171 3084 330 3166 viderent,
360 3103 484 3166 puppes
512 3086 680 3147 verteramt
708 3103 806 3166 seque
834 3082 875 3147 ad
897 3103 958 3147 sua
981 3085 1088 3146 castra

21 3237 24 3245 ,
77 3172 210 3238 nautica
238 3170 443 3235 rettulerrmt.
481 3169 527 3234 sic
550 3169 715 3234 Hannibal
741 3169 877 3236 consilio
901 3190 991 3232 arma
1013 3167 1122 3232 Per-⁷

78 3281 292 3347 gamenorum
320 3256 494 3341 superavit,
524 3278 629 3340 neque
657 3261 729 3321 tum
757 3257 876 3338 solum,
908 3255 965 3319 sed
992 3276 1087 3339 saepe

78 3349 161 3413 alias
193 3345 399 3431 pedestribus
432 3343 534 3427 copiis
567 3343 638 3427 pari
674 3343 847 3427 prudentia
878 3342 1004 3425 pepulit
1036 3342 1088 3407 ad·

77 3456 250 3502 versanos.

169 3522 258 3599 Quae
282 3522 359 3587 dum
381 3522 417 3586 in
438 3519 519 3585 Asia
547 3522 722 3606 genantur,
745 3516 872 3582 accidit
892 3537 979 3578 casu
992 3521 1041 3574 aa
1048 3515 1166 3571 Xa-xu
