2400 3922
325 215 384 270 XV.
403 214 675 271 EPAMINONDAS.
703 223 800 274 8-10.
1024 221 1065 286 61

56 361 195 445 subiret,
223 361 402 425 sedunum
425 359 467 423 ab
490 359 530 422 iis
553 361 685 446 petivit,
714 366 751 426 ut
778 362 813 426 in
835 364 983 447 sepulcro
1006 387 1065 431 suo

55 449 285 515 inscriberent:
323 447 576 532 ‘Epaminondas
607 471 627 513 a
653 448 817 515 Thebanis
849 455 954 517 morte
986 454 1100 519 mul-3

56 543 147 602 tatus
180 540 247 621 est,
280 537 366 620 quod
399 556 453 600 eos
486 536 594 622 ootgit
626 537 711 621 apud
742 536 882 605 Leuctra
913 561 1065 624 superare

56 625 340 708 Lacedaemonios,
364 645 446 708 quos
465 627 540 688 ante
555 646 589 689 se
609 624 841 709 imperatorem
853 649 949 693 nemo
964 628 1065 694 Boeo

56 718 168 780 torum
191 735 288 778 ausus
312 713 356 778 sit
379 712 522 796 aspicere
541 712 576 776 in
589 713 667 798 acie,
690 715 839 799 quodque
858 737 922 781 uno
941 717 1065 800 proelio
1083 733 1101 782 4

55 824 123 867 non
146 803 252 868 solum
266 800 394 866 Thebas
419 801 460 865 ab
483 800 620 866 interitu
638 803 785 887 retraxit,
809 804 865 869 sed
883 804 982 869 etiam
996 806 1066 870 uni·

56 912 185 956 versam
209 888 379 955 Graeciam
406 889 441 954 in
469 888 657 955 libertatem
680 891 856 957 vindicavit
883 913 985 977 eoque
1013 915 1064 959 res

56 982 269 1062 utrorumque
296 977 461 1062 perduxit,
490 982 528 1042 ut
551 977 697 1043 Thebani
721 978 874 1063 Spartam
901 1002 1065 1067 oppugna·

57 1071 143 1151 rent,
169 1065 416 1132 Lacedaemonii
439 1066 520 1131 satis
543 1067 716 1151 haberent,
744 1069 773 1133 si
795 1069 876 1134 salvi
899 1091 970 1134 esse
993 1092 1066 1154 pos·

57 1158 140 1239 sent,
162 1176 266 1240 neque
289 1154 379 1238 prius
398 1154 520 1218 bellare
538 1155 675 1238 destitit,
699 1177 796 1239 quam
810 1155 958 1223 Messene
971 1158 1065 1222 resti·
1083 1174 1100 1223 o

56 1247 131 1308 tuta
144 1244 258 1308 urbem
272 1264 385 1308 eorum
400 1241 568 1307 obsidione
583 1243 721 1308 clausit?
743 1244 822 1311 haec
833 1267 907 1311 oum
920 1245 1065 1330 dixisset,

56 1332 142 1396 risus
167 1331 312 1396 omnium
335 1351 408 1394 oum
431 1329 598 1394 hilaritate
622 1335 753 1397 coortus
774 1336 833 1417 est,
856 1355 959 1418 neque
979 1335 1065 1418 quis·

57 1441 155 1504 quam
179 1420 274 1483 iudex
298 1438 395 1482 ausus
419 1420 470 1481 est
493 1418 532 1481 de
555 1439 593 1482 eo
620 1418 705 1484 ferre
732 1419 930 1506 suffragium.
976 1422 1022 1488 sic
1046 1444 1065 1486 a

56 1507 177 1573 iudicio
202 1505 318 1589 capitis
343 1505 484 1569 maxima
506 1504 656 1571 discessit
678 1506 791 1592 gloria.

150 1593 214 1658 Hic
238 1596 383 1658 extremo
403 1597 549 1677 tempore
568 1593 747 1677 imperator
763 1595 848 1678 apud
861 1594 1064 1662 Mantineam
1082 1597 1103 1662 9

57 1706 132 1750 oum
156 1682 224 1746 acie
247 1681 408 1746 instructa
431 1680 582 1746 audacius
605 1681 744 1746 instaret
765 1682 892 1767 hostes,
915 1683 1065 1768 cognitus

57 1794 77 1838 a
99 1769 374 1853 Lacedaemoniis,
398 1769 484 1852 quod
507 1768 541 1832 in
563 1769 659 1834 unius
682 1770 824 1854 pernicie
848 1771 917 1836 eius
939 1772 1065 1855 patriae

57 1860 157 1925 sitam
180 1859 342 1942 putabant
370 1857 522 1941 salutem,
545 1857 687 1923 universi
716 1858 751 1922 in
777 1880 878 1925 unum
905 1859 1065 1944 impetum

57 1947 204 2013 fecerunt
225 1967 330 2029 neque
352 1945 443 2028 prius
467 1944 702 2030 abscesserunt,
725 1968 823 2030 quam
837 1970 956 2034 magna
969 1949 1065 2014 caede

56 2037 140 2101 edito
158 2034 334 2118 multisque
353 2033 468 2099 occisis
486 2032 665 2099 fortissime
683 2035 792 2118 ipsum
804 2035 1065 2120 Epaminondam

57 2126 273 2209 pugnantem,
295 2143 391 2205 sparo
415 2121 540 2186 eminus
562 2142 766 2206 percussum,
790 2124 957 2190 concidere
980 2126 1065 2191 vide·

57 2214 144 2277 runt.
188 2211 285 2276 huius
313 2230 390 2275 casu
422 2208 626 2292 aliquantum
651 2211 809 2275 retardati
839 2216 915 2278 sunt
937 2213 1099 2298 Boeoti,a

57 2320 162 2383 neque
199 2303 308 2364 tamen
344 2297 435 2381 prius
475 2318 585 2382 pugna
621 2302 843 2382 excesserunt,
885 2320 982 2382 quam
1018 2323 1065 2366 re

57 2391 242 2474 pugnantes
275 2386 499 2472 profligarunt.
545 2389 580 2449 at
606 2384 862 2469 Epaminondas,
894 2408 968 2451 oum
1000 2388 1100 2452 ani-s

58 2476 276 2542 madverteret
300 2473 504 2540 mortiferum
527 2494 562 2538 se
580 2473 697 2539 vulnus
716 2473 878 2557 accepisse
896 2475 1066 2559 simulque,

58 2565 88 2630 si
111 2565 242 2648 sermm,
266 2563 352 2647 quod
376 2583 414 2627 ex
437 2561 550 2626 hastili
573 2561 608 2625 in
631 2583 765 2646 corpore
783 2566 992 2646 remanserat,
1015 2584 1066 2628 ex·

58 2653 222 2736 traxisset,
245 2651 386 2716 animam
400 2650 514 2716 statim
528 2649 730 2734 emissurum,
752 2671 855 2734 usque
868 2671 907 2715 eo
921 2651 1066 2734 retinuit,

58 2741 166 2825 quoad
189 2741 412 2805 renuntiatum
434 2743 485 2804 est
507 2738 623 2806 vicisse
646 2738 798 2804 Boeotos.
836 2738 870 2803 id
891 2743 1066 2825 postquam
1084 2756 1101 2804 4

59 2829 192 2913 audivit,
211 2827 315 2893 ‘satis'
329 2827 437 2911 inquit
452 2826 543 2892 ‘vixiz
565 2827 706 2892 invictus
721 2827 807 2893 enim
822 2826 963 2893 morior?
995 2832 1066 2895 tum

59 2917 146 2982 ferro
171 2920 317 2981 extracto
342 2915 514 2982 confestim
537 2917 739 2981 exanimatus
763 2919 822 2981 est.

146 3004 211 3070 Hic
242 3026 375 3070 uxorem
406 3025 583 3089 numquam
615 3005 715 3070 duxit.
760 3004 795 3070 in
823 3026 988 3089 quocum
1019 3027 1065 3070 ro
1078 3005 1118 3069 10

57 3094 311 3179 prehenderetur
325 3115 344 3156 a
357 3092 521 3176 Pelopida,
544 3092 600 3176 qui
620 3092 724 3157 filium
741 3092 884 3157 habebat
903 3093 1066 3175 infamem,

57 3183 207 3266 maleque
236 3203 310 3247 eum
336 3181 371 3244 in
398 3201 436 3244 eo
459 3180 589 3262 patriae
617 3180 783 3245 consulere
814 3180 948 3263 diceret,
980 3179 1067 3262 quod

56 3271 180 3336 liberos
203 3292 270 3335 non
291 3268 498 3353 relinqueret,
521 3265 615 3332 ‘vide'
638 3268 746 3351 inquit
760 3266 811 3332 ‘ne
830 3270 867 3331 tu
887 3267 979 3350 peius
994 3287 1066 3331 con·

58 3360 162 3442 sulas,
193 3359 248 3442 qui
277 3357 376 3422 talem
404 3376 443 3420 ex
471 3358 503 3419 te
530 3357 644 3420 natum
666 3355 839 3421 relicturus
863 3353 917 3418 sis.
962 3370 1101 3437 nequea

57 3469 135 3512 vero
159 3447 260 3531 stirps
282 3448 394 3530 potest
416 3443 497 3509 mihi
520 3443 643 3508 deesse:
665 3463 805 3527 namque
828 3463 868 3506 ex
885 3462 937 3506 me
954 3443 1067 3506 natam

56 3535 207 3618 relinquo
234 3555 375 3620 pugnam
404 3531 624 3618 Leuctricam,
655 3553 739 3616 quae
768 3550 842 3595 non
864 3529 970 3592 mutu
992 3529 1089 3588 ὡκ
