2400 3922
393 197 429 254 1
452 198 654 254 rannone.
682 206 708 256 1.
727 207 743 255 s
1065 205 1086 267 5

74 346 145 406 tam
167 340 351 425 propinquo
375 345 508 426 tamque
530 362 649 428 magno
672 345 813 426 permoti
834 345 989 409 auxilium
1012 368 1085 410 nus·

74 451 174 514 quam
196 429 262 493 nisi
285 451 306 492 a
327 427 592 495 Lacedaemoniis
616 431 803 514 petiverunt
824 431 1084 516 Phidippumque

75 538 242 582 cursorem
270 517 338 581 eius
366 518 508 603 generis,
541 517 598 601 qui
626 518 891 584 hemerodromoe
919 525 1085 604 vocantur,

73 605 351 671 Lacedaemonem
369 605 538 690 miserrmt,
560 610 598 670 ut
614 607 781 671 nuntiaret
800 629 898 690 quam
917 608 1084 672 celerrimo

75 715 157 778 opus
172 714 243 757 esse
259 692 388 757 auxilio.
421 693 510 758 domi
526 697 636 758 autem
651 698 762 758 creant
781 695 890 759 decem
908 699 1084 779 praetores,
1101 715 1119 762 4

75 782 132 866 qui
155 781 313 846 exercitui
335 785 532 865 praeessent,
554 782 653 847 ineis
672 781 862 847 Miltiadem.
897 782 1083 866 intorques

74 890 195 954 magna
217 867 477 953 succensendo,
500 874 611 934 utrum
635 871 803 934 moenibus
826 891 857 935 se
877 869 1084 934 defenderent

73 979 117 1022 an
141 955 271 1022 obviam
294 957 380 1021 irent
402 956 553 1021 hostibus
582 957 712 1040 acieque
740 958 955 1022 decernerent.
1000 976 1118 1024 11111111

73 1044 241 1109 Miltiades
260 1045 399 1111 maxime
417 1045 594 1129 nitebatur,
612 1048 649 1108 ut
667 1045 773 1129 primo
791 1067 918 1129 quoque
937 1050 1083 1130 tempore

74 1137 184 1198 castra
206 1131 335 1196 fierent:
358 1133 391 1196 id
414 1133 443 1197 si
465 1131 590 1198 factum
612 1137 712 1217 esset,
735 1138 769 1198 01
792 1135 916 1199 civibus
940 1133 1084 1198 animum

75 1241 292 1304 accessurum,
311 1242 385 1285 cum
403 1220 550 1285 riderent
568 1220 607 1285 de
626 1242 738 1286 eorum
751 1221 873 1286 virtute
891 1243 958 1286 11011
975 1222 1084 1305 despe

74 1309 152 1392 rari,
175 1311 209 1371 et
231 1307 344 1373 hostes
368 1309 479 1372 eadem
501 1330 536 1373 re
559 1308 629 1374 1010
649 1309 818 1394 tardiores,
841 1309 869 1374 si
887 1309 1083 1374 animadver-

74 1401 183 1461 terent
206 1395 317 1460 auderi
339 1395 493 1460 adversus
517 1417 551 1461 se
574 1400 644 1460 tam
662 1398 787 1482 exiguis
806 1398 909 1482 copiis
928 1396 1083 1461 dimicari.

163 1482 237 1548 Hoc
250 1483 285 1547 in
298 1487 444 1567 tempore
457 1484 548 1549 nulla
562 1484 677 1548 civitas
692 1484 947 1549 Atheniensibus
962 1484 1082 1549 auxilio
1100 1486 1122 1553 5

74 1572 140 1636 fuit
162 1574 293 1655 praeter
310 1570 527 1636 Plataeenses.
560 1592 599 1635 ea
616 1571 706 1634 1111110
729 1572 821 1634 misit
844 1572 994 1635 militum.
1024 1572 1083 1635 ita»

76 1682 139 1745 que
161 1659 280 1724 horum
301 1659 442 1724 adventu
465 1660 575 1724 decem
592 1658 684 1723 milia
702 1662 903 1722 armatorum
922 1659 1084 1740 completa

75 1752 165 1831 sunt,
195 1768 277 1830 quae
305 1769 419 1811 manus
447 1747 590 1811 mirabili
617 1746 778 1832 flagrabat
805 1745 970 1832 pugnandi
997 1746 1083 1828 cupi-

74 1836 187 1901 ditate.
233 1856 297 1918 quo
324 1834 448 1899 factum
476 1840 526 1899 est
552 1838 591 1900 ut
617 1836 691 1918 plus
720 1857 817 1919 quam
845 1835 988 1920 collegae
1010 1833 1117 1902 Mil-r

74 1925 180 1989 tiades
199 1923 331 1987 valeret.
362 1923 431 1987 eius
450 1944 527 2008 ergo
547 1923 743 1988 auctoritate
761 1923 895 2007 impulsi
908 1921 1084 1986 Athenien·

74 2034 125 2077 ses
156 2011 265 2094 copias
294 2032 334 2075 ex
359 2011 440 2075 urbe
468 2012 646 2075 eduxenmt
671 2012 808 2094 locoque
836 2011 951 2075 idoneo
976 2014 1083 2074 eastra

74 2100 231 2166 fecenmt.
272 2098 346 2163 dein
368 2103 500 2183 postero
524 2100 574 2163 die
598 2098 658 2163 sub
681 2100 802 2164 111011111
826 2098 989 2163 radicibus
1014 2098 1117 2165 00101

74 2188 207 2274 regione
239 2187 400 2252 instructa
431 2208 498 2252 non
529 2187 735 2271 apertissima
766 2184 918 2272 (namque
951 2187 1082 2251 arbores

75 2276 189 2341 multis
217 2275 298 2339 locis
326 2278 419 2339 erant
446 2271 552 2360 rarae)
579 2276 739 2357 proelium
762 2274 994 2339 eommiserrmt
1020 2274 1083 2337 hoc

76 2363 227 2446 coneilio,
254 2366 292 2426 ut
319 2365 353 2426 et
380 2363 542 2428 montium
569 2362 741 2427 altitudine
769 2365 956 2447 tegerentur
979 2365 1012 2424 et
1036 2382 1083 2423 ar·

74 2453 193 2517 borum
215 2454 324 2515 tractu
347 2451 512 2534 equitatus
534 2450 681 2514 hostium
700 2448 912 2533 impediretur
932 2447 1083 2526 [110111111-

74 2540 216 2605 titudine
240 2539 488 2621 clauderentur}
524 2537 620 2603 Datis
640 2537 702 2623 etsi
724 2558 791 2601 11011
813 2556 952 2619 aequum
975 2536 1118 2602 locum4

74 2629 207 2693 videbat
235 2627 316 2710 suis,
343 2631 453 2691 tamen
478 2627 581 2692 fretus
603 2647 738 2692 numero
762 2624 929 2709 copiarum
951 2644 1083 2687 suarum

75 2716 249 2801 confligere
280 2714 447 2799 cupiebat,
479 2737 581 2798 eoque
609 2714 728 2801 magis,
761 2713 862 2797 quod,
892 2712 1083 2796 priusquam

74 2803 324 2869 Lacedaemonii
352 2803 496 2867 subsidio
524 2803 685 2886 venirent,
712 2802 865 2867 dimicare
892 2801 973 2865 utile
1000 2800 1083 2865 arbi-

74 2893 236 2957 trabatur.
277 2892 388 2974 itaque
411 2891 446 2955 in
469 2892 572 2956 aciem
593 2891 740 2975 peditum
764 2894 907 2973 centum,
937 2890 1084 2973 equitum

75 2980 187 3045 decem
211 2978 302 3043 milia
324 2979 478 3063 produxit
500 2979 724 3063 proeliumque
747 2977 920 3043 commisit.
961 2979 996 3042 in
1020 2991 1118 3060 quoe

73 3072 169 3133 tanto
198 3068 271 3150 plus
298 3067 420 3131 virtute
448 3066 871 3150 101110111111111110111011101,
898 3069 936 3131 ut
963 3067 1084 3130 decem·

73 3156 194 3240 plicem
224 3177 394 3220 numerum
426 3156 572 3220 hostium
603 3154 824 3240 profligarint,
856 3155 999 3236 adeoque
1029 3172 1084 3215 eos

72 3247 329 3327 perterruerunt,
353 3242 530 3308 111Ρο1100
554 3265 620 3308 non
644 3247 765 3326 castra,
789 3243 845 3306 sed
867 3261 964 3304 naves
986 3239 1085 3321 petie·

73 3332 151 3396 rint.
193 3353 257 3414 qua
283 3352 394 3415 pugna
419 3331 502 3395 nihil
531 3331 635 3396 adhuc
659 3330 786 3395 exstitit
808 3327 966 3393 nobilius:
983 3325 1085 3398 nulla
1162 3338 1163 3343 ’

73 3419 162 3484 enim
191 3440 348 3501 umquam
377 3422 446 3483 tam
474 3418 591 3504 exigua
621 3440 735 3483 manus
766 3419 875 3479 tantas
906 3434 984 3497 opes
1013 3434 1085 3497 pro·

73 3506 202 3572 stravit
