<?xml version="1.0" encoding="UTF-8"?>
<!DOCTYPE html PUBLIC "-//W3C//DTD XHTML 1.0 Transitional//EN"
    "http://www.w3.org/TR/xhtml1/DTD/xhtml1-transitional.dtd">
<html xmlns="http://www.w3.org/1999/xhtml" xml:lang="en" lang="en">
 <head>
  <title>
</title>
<meta http-equiv="Content-Type" content="text/html;charset=utf-8" />
  <meta name='ocr-system' content='tesseract 3.04.00' />
  <meta name='ocr-capabilities' content='ocr_page ocr_carea ocr_par ocr_line ocrx_word'/>
</head>
<body>
  <div class='ocr_page' id='page_1' title='image "./corneliinepotis14nepogoog_0081.png"; bbox 0 0 2400 3922; ppageno 0'>
   <div class='ocr_carea' id='block_1_1' title="bbox 106 212 816 294">
    <p class='ocr_par' dir='ltr' id='par_1_1' title="bbox 106 212 816 294">
     <span class='ocr_line' id='line_1_1' title="bbox 106 212 816 294; baseline 0.007 -28"><span class='ocrx_word' id='word_1_1' title='bbox 106 217 149 282; x_wconf 82' lang='lat'>68</span> <span class='ocrx_word' id='word_1_2' title='bbox 397 214 482 294; x_wconf 68' lang='lat' dir='ltr'>xvn,</span> <span class='ocrx_word' id='word_1_3' title='bbox 501 212 710 271; x_wconf 72' lang='lat' dir='ltr'>suasurus.</span> <span class='ocrx_word' id='word_1_4' title='bbox 739 223 816 271; x_wconf 77' lang='grc'>4-6,</span> 
     </span>
    </p>
   </div>
   <div class='ocr_carea' id='block_1_2' title="bbox 71 358 1165 3611">
    <p class='ocr_par' dir='ltr' id='par_1_2' title="bbox 107 358 1115 446">
     <span class='ocr_line' id='line_1_2' title="bbox 107 358 1115 446; baseline 0.002 -21"><span class='ocrx_word' id='word_1_5' title='bbox 107 365 140 425; x_wconf 89' lang='lat' dir='ltr'>et</span> <span class='ocrx_word' id='word_1_6' title='bbox 158 360 276 426; x_wconf 91' lang='lat' dir='ltr'>Boeoti</span> <span class='ocrx_word' id='word_1_7' title='bbox 295 361 458 444; x_wconf 90' lang='lat' dir='ltr'>ceterique</span> <span class='ocrx_word' id='word_1_8' title='bbox 482 381 592 424; x_wconf 93' lang='lat' dir='ltr'>eorum</span> <span class='ocrx_word' id='word_1_9' title='bbox 616 359 697 424; x_wconf 92' lang='lat' dir='ltr'>sccii</span> <span class='ocrx_word' id='word_1_10' title='bbox 716 361 801 443; x_wconf 90' lang='lat' dir='ltr'>apud</span> <span class='ocrx_word' id='word_1_11' title='bbox 816 358 1009 426; x_wconf 77' lang='lat' dir='ltr'>Coroneam:</span> <span class='ocrx_word' id='word_1_12' title='bbox 1034 384 1115 446; x_wconf 89' lang='lat' dir='ltr'>quos</span> 
     </span>
    </p>

    <p class='ocr_par' dir='ltr' id='par_1_3' title="bbox 71 447 1116 973">
     <span class='ocr_line' id='line_1_3' title="bbox 71 447 1116 534; baseline 0.001 -21"><span class='ocrx_word' id='word_1_13' title='bbox 71 464 87 513; x_wconf 84' lang='lat' dir='ltr'>o</span> <span class='ocrx_word' id='word_1_14' title='bbox 108 470 220 514; x_wconf 86' lang='lat' dir='ltr'>omnes</span> <span class='ocrx_word' id='word_1_15' title='bbox 239 449 332 534; x_wconf 83' lang='lat' dir='ltr'>gravi</span> <span class='ocrx_word' id='word_1_16' title='bbox 349 448 474 532; x_wconf 90' lang='lat' dir='ltr'>proelio</span> <span class='ocrx_word' id='word_1_17' title='bbox 492 447 580 512; x_wconf 87' lang='lat' dir='ltr'>vicit.</span> <span class='ocrx_word' id='word_1_18' title='bbox 615 447 711 512; x_wconf 91' lang='lat' dir='ltr'>huius</span> <span class='ocrx_word' id='word_1_19' title='bbox 730 448 886 513; x_wconf 81' lang='lat' dir='ltr'>victoriae</span> <span class='ocrx_word' id='word_1_20' title='bbox 904 450 955 514; x_wconf 87' lang='lat' dir='ltr'>vel</span> <span class='ocrx_word' id='word_1_21' title='bbox 974 451 1116 514; x_wconf 83' lang='lat' dir='ltr'>maxima</span> 
     </span>
     <span class='ocr_line' id='line_1_4' title="bbox 106 535 1116 621; baseline 0.001 -19"><span class='ocrx_word' id='word_1_22' title='bbox 106 537 170 602; x_wconf 88' lang='lat' dir='ltr'>fuit</span> <span class='ocrx_word' id='word_1_23' title='bbox 192 537 273 621; x_wconf 89' lang='lat' dir='ltr'>laus,</span> <span class='ocrx_word' id='word_1_24' title='bbox 297 537 392 621; x_wconf 91' lang='lat' dir='ltr'>quod,</span> <span class='ocrx_word' id='word_1_25' title='bbox 415 558 489 601; x_wconf 91' lang='lat' dir='ltr'>cum</span> <span class='ocrx_word' id='word_1_26' title='bbox 511 535 656 620; x_wconf 82' lang='lat' dir='ltr'>plerique</span> <span class='ocrx_word' id='word_1_27' title='bbox 680 557 719 600; x_wconf 84' lang='lat' dir='ltr'>ex</span> <span class='ocrx_word' id='word_1_28' title='bbox 741 535 820 621; x_wconf 86' lang='lat' dir='ltr'>fuga</span> <span class='ocrx_word' id='word_1_29' title='bbox 843 557 877 600; x_wconf 88' lang='lat' dir='ltr'>se</span> <span class='ocrx_word' id='word_1_30' title='bbox 899 537 934 600; x_wconf 91' lang='lat' dir='ltr'>in</span> <span class='ocrx_word' id='word_1_31' title='bbox 957 538 1116 621; x_wconf 87' lang='lat' dir='ltr'>templum</span> 
     </span>
     <span class='ocr_line' id='line_1_5' title="bbox 107 624 1116 709; baseline 0.001 -20"><span class='ocrx_word' id='word_1_32' title='bbox 107 624 272 689; x_wconf 87' lang='lat' dir='ltr'>Minervae</span> <span class='ocrx_word' id='word_1_33' title='bbox 296 626 510 690; x_wconf 87' lang='lat' dir='ltr'>coniecissent</span> <span class='ocrx_word' id='word_1_34' title='bbox 534 627 805 707; x_wconf 75' lang='lat' dir='ltr'>quaerereturque</span> <span class='ocrx_word' id='word_1_35' title='bbox 829 625 870 688; x_wconf 93' lang='lat' dir='ltr'>ab</span> <span class='ocrx_word' id='word_1_36' title='bbox 894 646 946 709; x_wconf 90' lang='lat' dir='ltr'>eo,</span> <span class='ocrx_word' id='word_1_37' title='bbox 975 626 1052 709; x_wconf 90' lang='lat' dir='ltr'>quid</span> <span class='ocrx_word' id='word_1_38' title='bbox 1075 626 1116 690; x_wconf 92' lang='lat' dir='ltr'>iis</span> 
     </span>
     <span class='ocr_line' id='line_1_6' title="bbox 107 712 1115 797; baseline 0 -19"><span class='ocrx_word' id='word_1_39' title='bbox 107 713 206 778; x_wconf 83' lang='lat' dir='ltr'>vellet</span> <span class='ocrx_word' id='word_1_40' title='bbox 233 713 318 797; x_wconf 89' lang='lat' dir='ltr'>fieri,</span> <span class='ocrx_word' id='word_1_41' title='bbox 346 713 408 778; x_wconf 91' lang='lat' dir='ltr'>etsi</span> <span class='ocrx_word' id='word_1_42' title='bbox 431 712 558 796; x_wconf 77' lang='lat' dir='ltr'>aliquot</span> <span class='ocrx_word' id='word_1_43' title='bbox 580 712 716 776; x_wconf 90' lang='lat' dir='ltr'>vulnera</span> <span class='ocrx_word' id='word_1_44' title='bbox 738 717 907 796; x_wconf 89' lang='lat' dir='ltr'>acceperat</span> <span class='ocrx_word' id='word_1_45' title='bbox 930 735 967 777; x_wconf 90' lang='lat' dir='ltr'>eo</span> <span class='ocrx_word' id='word_1_46' title='bbox 991 714 1115 796; x_wconf 90' lang='lat' dir='ltr'>proelio</span> 
     </span>
     <span class='ocr_line' id='line_1_7' title="bbox 108 799 1116 883; baseline 0.001 -18"><span class='ocrx_word' id='word_1_47' title='bbox 108 805 141 865; x_wconf 91' lang='lat' dir='ltr'>et</span> <span class='ocrx_word' id='word_1_48' title='bbox 163 802 266 865; x_wconf 87' lang='lat' dir='ltr'>iratus</span> <span class='ocrx_word' id='word_1_49' title='bbox 290 801 461 865; x_wconf 85' lang='lat' dir='ltr'>videbatur</span> <span class='ocrx_word' id='word_1_50' title='bbox 484 799 644 883; x_wconf 88' lang='lat' dir='ltr'>omnibus,</span> <span class='ocrx_word' id='word_1_51' title='bbox 689 800 724 864; x_wconf 94' lang='lat' dir='ltr'>ui</span> <span class='ocrx_word' id='word_1_52' title='bbox 747 800 899 865; x_wconf 83' lang='lat' dir='ltr'>adversus</span> <span class='ocrx_word' id='word_1_53' title='bbox 924 822 1014 865; x_wconf 89' lang='lat' dir='ltr'>arma</span> <span class='ocrx_word' id='word_1_54' title='bbox 1037 803 1116 866; x_wconf 89' lang='lat' dir='ltr'>tule-</span> 
     </span>
     <span class='ocr_line' id='line_1_8' title="bbox 108 887 1116 973; baseline 0.001 -20"><span class='ocrx_word' id='word_1_55' title='bbox 108 893 196 973; x_wconf 90' lang='lat' dir='ltr'>rant,</span> <span class='ocrx_word' id='word_1_56' title='bbox 228 892 338 953; x_wconf 90' lang='lat' dir='ltr'>tamen</span> <span class='ocrx_word' id='word_1_57' title='bbox 366 887 520 952; x_wconf 85' lang='lat' dir='ltr'>antetulit</span> <span class='ocrx_word' id='word_1_58' title='bbox 547 887 615 950; x_wconf 92' lang='lat' dir='ltr'>irae</span> <span class='ocrx_word' id='word_1_59' title='bbox 647 887 839 972; x_wconf 81' lang='lat' dir='ltr'>religionem</span> <span class='ocrx_word' id='word_1_60' title='bbox 867 892 901 952; x_wconf 92' lang='lat' dir='ltr'>et</span> <span class='ocrx_word' id='word_1_61' title='bbox 929 911 984 953; x_wconf 90' lang='lat' dir='ltr'>eos</span> <span class='ocrx_word' id='word_1_62' title='bbox 1012 891 1116 955; x_wconf 86' lang='lat' dir='ltr'>vetuit</span> 
     </span>
    </p>

    <p class='ocr_par' dir='ltr' id='par_1_4' title="bbox 74 974 1117 1237">
     <span class='ocr_line' id='line_1_9' title="bbox 74 974 1117 1061; baseline -0.001 -19"><span class='ocrx_word' id='word_1_63' title='bbox 74 976 232 1042; x_wconf 71' lang='lat' dir='ltr'>triolari.</span> <span class='ocrx_word' id='word_1_64' title='bbox 277 997 381 1059; x_wconf 90' lang='lat' dir='ltr'>neque</span> <span class='ocrx_word' id='word_1_65' title='bbox 409 996 485 1040; x_wconf 85' lang='lat' dir='ltr'>vero</span> <span class='ocrx_word' id='word_1_66' title='bbox 513 974 576 1039; x_wconf 93' lang='lat' dir='ltr'>hoc</span> <span class='ocrx_word' id='word_1_67' title='bbox 604 975 710 1040; x_wconf 89' lang='lat' dir='ltr'>solum</span> <span class='ocrx_word' id='word_1_68' title='bbox 737 976 772 1039; x_wconf 92' lang='lat' dir='ltr'>in</span> <span class='ocrx_word' id='word_1_69' title='bbox 795 974 933 1041; x_wconf 81' lang='lat' dir='ltr'>Graecia</span> <span class='ocrx_word' id='word_1_70' title='bbox 954 976 1046 1061; x_wconf 89' lang='lat' dir='ltr'>fecit,</span> <span class='ocrx_word' id='word_1_71' title='bbox 1078 983 1117 1042; x_wconf 91' lang='lat' dir='ltr'>ut</span> 
     </span>
     <span class='ocr_line' id='line_1_10' title="bbox 108 1062 1117 1149; baseline -0.001 -19"><span class='ocrx_word' id='word_1_72' title='bbox 108 1065 232 1148; x_wconf 89' lang='lat' dir='ltr'>templa</span> <span class='ocrx_word' id='word_1_73' title='bbox 254 1064 387 1129; x_wconf 89' lang='lat' dir='ltr'>deorum</span> <span class='ocrx_word' id='word_1_74' title='bbox 411 1066 523 1127; x_wconf 90' lang='lat' dir='ltr'>sancta</span> <span class='ocrx_word' id='word_1_75' title='bbox 550 1062 700 1146; x_wconf 90' lang='lat' dir='ltr'>haberet,</span> <span class='ocrx_word' id='word_1_76' title='bbox 728 1063 784 1127; x_wconf 90' lang='lat' dir='ltr'>sed</span> <span class='ocrx_word' id='word_1_77' title='bbox 812 1064 911 1129; x_wconf 89' lang='lat' dir='ltr'>etiam</span> <span class='ocrx_word' id='word_1_78' title='bbox 935 1066 1019 1149; x_wconf 90' lang='lat' dir='ltr'>apud</span> <span class='ocrx_word' id='word_1_79' title='bbox 1046 1065 1117 1130; x_wconf 89' lang='lat' dir='ltr'>bar·</span> 
     </span>
     <span class='ocr_line' id='line_1_11' title="bbox 107 1151 1116 1237; baseline 0.002 -21"><span class='ocrx_word' id='word_1_80' title='bbox 107 1153 205 1216; x_wconf 91' lang='lat' dir='ltr'>baros</span> <span class='ocrx_word' id='word_1_81' title='bbox 229 1173 355 1216; x_wconf 91' lang='lat' dir='ltr'>summa</span> <span class='ocrx_word' id='word_1_82' title='bbox 378 1151 535 1236; x_wconf 80' lang='lat' dir='ltr'>religione</span> <span class='ocrx_word' id='word_1_83' title='bbox 560 1151 669 1214; x_wconf 90' lang='lat' dir='ltr'>omnia</span> <span class='ocrx_word' id='word_1_84' title='bbox 692 1151 866 1216; x_wconf 90' lang='lat' dir='ltr'>simulacra</span> <span class='ocrx_word' id='word_1_85' title='bbox 889 1175 1024 1237; x_wconf 89' lang='lat' dir='ltr'>arasque</span> <span class='ocrx_word' id='word_1_86' title='bbox 1043 1175 1116 1218; x_wconf 92' lang='lat' dir='ltr'>con-</span> 
     </span>
    </p>

    <p class='ocr_par' dir='ltr' id='par_1_5' title="bbox 74 1238 1117 1589">
     <span class='ocr_line' id='line_1_12' title="bbox 74 1238 1115 1326; baseline 0.001 -22"><span class='ocrx_word' id='word_1_87' title='bbox 74 1255 90 1304; x_wconf 81' lang='lat'>8</span> <span class='ocrx_word' id='word_1_88' title='bbox 109 1239 259 1304; x_wconf 83' lang='lat' dir='ltr'>servavit.</span> <span class='ocrx_word' id='word_1_89' title='bbox 283 1240 393 1321; x_wconf 92' lang='lat' dir='ltr'>itaque</span> <span class='ocrx_word' id='word_1_90' title='bbox 407 1238 617 1322; x_wconf 90' lang='lat' dir='ltr'>praedicabat</span> <span class='ocrx_word' id='word_1_91' title='bbox 627 1239 739 1303; x_wconf 90' lang='lat' dir='ltr'>mirari</span> <span class='ocrx_word' id='word_1_92' title='bbox 750 1260 793 1323; x_wconf 89' lang='lat' dir='ltr'>sc,</span> <span class='ocrx_word' id='word_1_93' title='bbox 807 1261 873 1304; x_wconf 90' lang='lat' dir='ltr'>non</span> <span class='ocrx_word' id='word_1_94' title='bbox 884 1241 1115 1326; x_wconf 87' lang='lat' dir='ltr'>sacrilegorum</span> 
     </span>
     <span class='ocr_line' id='line_1_13' title="bbox 107 1326 1117 1412; baseline 0.002 -21"><span class='ocrx_word' id='word_1_95' title='bbox 107 1348 242 1392; x_wconf 89' lang='lat' dir='ltr'>numero</span> <span class='ocrx_word' id='word_1_96' title='bbox 260 1327 384 1410; x_wconf 90' lang='lat' dir='ltr'>haberi,</span> <span class='ocrx_word' id='word_1_97' title='bbox 404 1327 460 1410; x_wconf 89' lang='lat' dir='ltr'>qui</span> <span class='ocrx_word' id='word_1_98' title='bbox 479 1326 680 1410; x_wconf 83' lang='lat' dir='ltr'>supplicibus</span> <span class='ocrx_word' id='word_1_99' title='bbox 698 1328 833 1392; x_wconf 91' lang='lat' dir='ltr'>deorum</span> <span class='ocrx_word' id='word_1_100' title='bbox 845 1329 1041 1412; x_wconf 82' lang='lat' dir='ltr'>nocuissent,</span> <span class='ocrx_word' id='word_1_101' title='bbox 1060 1335 1117 1393; x_wconf 91' lang='lat' dir='ltr'>aut</span> 
     </span>
     <span class='ocr_line' id='line_1_14' title="bbox 107 1414 1117 1502; baseline 0.002 -23"><span class='ocrx_word' id='word_1_102' title='bbox 107 1437 174 1480; x_wconf 92' lang='lat' dir='ltr'>non</span> <span class='ocrx_word' id='word_1_103' title='bbox 196 1415 401 1501; x_wconf 82' lang='lat' dir='ltr'>gravioribus</span> <span class='ocrx_word' id='word_1_104' title='bbox 425 1414 538 1499; x_wconf 86' lang='lat' dir='ltr'>poenis</span> <span class='ocrx_word' id='word_1_105' title='bbox 566 1414 666 1498; x_wconf 85' lang='lat' dir='ltr'>affici,</span> <span class='ocrx_word' id='word_1_106' title='bbox 699 1415 755 1499; x_wconf 91' lang='lat' dir='ltr'>qui</span> <span class='ocrx_word' id='word_1_107' title='bbox 782 1416 974 1502; x_wconf 83' lang='lat' dir='ltr'>religionem</span> <span class='ocrx_word' id='word_1_108' title='bbox 998 1417 1117 1481; x_wconf 86' lang='lat' dir='ltr'>minue-</span> 
     </span>
     <span class='ocr_line' id='line_1_15' title="bbox 108 1502 702 1589; baseline 0 -23"><span class='ocrx_word' id='word_1_109' title='bbox 108 1509 191 1589; x_wconf 85' lang='lat' dir='ltr'>rent,</span> <span class='ocrx_word' id='word_1_110' title='bbox 215 1526 312 1587; x_wconf 91' lang='lat' dir='ltr'>quam</span> <span class='ocrx_word' id='word_1_111' title='bbox 336 1503 392 1586; x_wconf 92' lang='lat' dir='ltr'>qui</span> <span class='ocrx_word' id='word_1_112' title='bbox 414 1502 491 1567; x_wconf 87' lang='lat' dir='ltr'>fana</span> <span class='ocrx_word' id='word_1_113' title='bbox 515 1503 702 1587; x_wconf 89' lang='lat' dir='ltr'>spoliarent.</span> 
     </span>
    </p>

    <p class='ocr_par' dir='ltr' id='par_1_6' title="bbox 74 1591 1118 1675">
     <span class='ocr_line' id='line_1_16' title="bbox 74 1591 1118 1675; baseline -0.002 -17"><span class='ocrx_word' id='word_1_114' title='bbox 74 1591 95 1658; x_wconf 85' lang='lat'>5</span> <span class='ocrx_word' id='word_1_115' title='bbox 197 1591 279 1657; x_wconf 89' lang='lat' dir='ltr'>Post</span> <span class='ocrx_word' id='word_1_116' title='bbox 297 1592 359 1657; x_wconf 93' lang='lat' dir='ltr'>hoc</span> <span class='ocrx_word' id='word_1_117' title='bbox 373 1591 534 1675; x_wconf 88' lang='lat' dir='ltr'>proelium</span> <span class='ocrx_word' id='word_1_118' title='bbox 548 1591 704 1656; x_wconf 90' lang='lat' dir='ltr'>collatum</span> <span class='ocrx_word' id='word_1_119' title='bbox 719 1613 813 1656; x_wconf 91' lang='lat' dir='ltr'>omne</span> <span class='ocrx_word' id='word_1_120' title='bbox 827 1592 950 1656; x_wconf 88' lang='lat' dir='ltr'>bellum</span> <span class='ocrx_word' id='word_1_121' title='bbox 964 1597 1015 1657; x_wconf 89' lang='lat' dir='ltr'>est</span> <span class='ocrx_word' id='word_1_122' title='bbox 1032 1594 1118 1658; x_wconf 90' lang='lat' dir='ltr'>circa</span> 
     </span>
    </p>

    <p class='ocr_par' dir='ltr' id='par_1_7' title="bbox 74 1677 1165 2289">
     <span class='ocr_line' id='line_1_17' title="bbox 74 1677 1117 1764; baseline 0 -19"><span class='ocrx_word' id='word_1_123' title='bbox 74 1679 304 1746; x_wconf 72' lang='lat' dir='ltr'>cOorinthum</span> <span class='ocrx_word' id='word_1_124' title='bbox 331 1681 467 1764; x_wconf 89' lang='lat' dir='ltr'>ideoque</span> <span class='ocrx_word' id='word_1_125' title='bbox 495 1677 702 1744; x_wconf 80' lang='lat' dir='ltr'>Corinthium</span> <span class='ocrx_word' id='word_1_126' title='bbox 730 1682 781 1743; x_wconf 89' lang='lat' dir='ltr'>est</span> <span class='ocrx_word' id='word_1_127' title='bbox 808 1679 1019 1762; x_wconf 90' lang='lat' dir='ltr'>appellatum.</span> <span class='ocrx_word' id='word_1_128' title='bbox 1063 1681 1117 1745; x_wconf 89' lang='lat' dir='ltr'>hic</span> 
     </span>
     <span class='ocr_line' id='line_1_18' title="bbox 109 1765 1117 1852; baseline -0.001 -18"><span class='ocrx_word' id='word_1_129' title='bbox 109 1790 183 1834; x_wconf 92' lang='lat' dir='ltr'>cum</span> <span class='ocrx_word' id='word_1_130' title='bbox 210 1791 274 1833; x_wconf 89' lang='lat' dir='ltr'>una</span> <span class='ocrx_word' id='word_1_131' title='bbox 301 1789 411 1852; x_wconf 87' lang='lat' dir='ltr'>pugna</span> <span class='ocrx_word' id='word_1_132' title='bbox 438 1768 548 1831; x_wconf 89' lang='lat' dir='ltr'>decem</span> <span class='ocrx_word' id='word_1_133' title='bbox 575 1765 666 1829; x_wconf 90' lang='lat' dir='ltr'>milia</span> <span class='ocrx_word' id='word_1_134' title='bbox 688 1765 834 1828; x_wconf 91' lang='lat' dir='ltr'>hostium</span> <span class='ocrx_word' id='word_1_135' title='bbox 856 1765 1013 1850; x_wconf 81' lang='lat' dir='ltr'>Agesilao</span> <span class='ocrx_word' id='word_1_136' title='bbox 1037 1769 1117 1833; x_wconf 90' lang='lat' dir='ltr'>duce</span> 
     </span>
     <span class='ocr_line' id='line_1_19' title="bbox 109 1851 1117 1935; baseline -0.001 -13"><span class='ocrx_word' id='word_1_137' title='bbox 109 1856 301 1922; x_wconf 89' lang='lat' dir='ltr'>cecidissent</span> <span class='ocrx_word' id='word_1_138' title='bbox 319 1874 420 1935; x_wconf 89' lang='lat' dir='ltr'>eoque</span> <span class='ocrx_word' id='word_1_139' title='bbox 443 1852 530 1916; x_wconf 88' lang='lat' dir='ltr'>facto</span> <span class='ocrx_word' id='word_1_140' title='bbox 551 1872 628 1934; x_wconf 90' lang='lat' dir='ltr'>opes</span> <span class='ocrx_word' id='word_1_141' title='bbox 651 1851 909 1916; x_wconf 83' lang='lat' dir='ltr'>adversariorum</span> <span class='ocrx_word' id='word_1_142' title='bbox 927 1854 1117 1921; x_wconf 85' lang='lat' dir='ltr'>debilitatae</span> 
     </span>
     <span class='ocr_line' id='line_1_20' title="bbox 108 1937 1118 2025; baseline 0 -17"><span class='ocrx_word' id='word_1_143' title='bbox 108 1943 303 2024; x_wconf 82' lang='lat' dir='ltr'>riderentur,</span> <span class='ocrx_word' id='word_1_144' title='bbox 326 1944 455 2004; x_wconf 89' lang='lat' dir='ltr'>tantum</span> <span class='ocrx_word' id='word_1_145' title='bbox 474 1937 557 2002; x_wconf 86' lang='lat' dir='ltr'>afuit</span> <span class='ocrx_word' id='word_1_146' title='bbox 576 1938 616 2001; x_wconf 92' lang='lat' dir='ltr'>ab</span> <span class='ocrx_word' id='word_1_147' title='bbox 636 1937 811 2003; x_wconf 85' lang='lat' dir='ltr'>insolentia</span> <span class='ocrx_word' id='word_1_148' title='bbox 829 1940 962 2025; x_wconf 89' lang='lat' dir='ltr'>gloriae,</span> <span class='ocrx_word' id='word_1_149' title='bbox 980 1946 1017 2005; x_wconf 94' lang='lat' dir='ltr'>ut</span> <span class='ocrx_word' id='word_1_150' title='bbox 1032 1964 1118 2008; x_wconf 90' lang='lat' dir='ltr'>com·</span> 
     </span>
     <span class='ocr_line' id='line_1_21' title="bbox 109 2024 1165 2111; baseline 0.002 -17"><span class='ocrx_word' id='word_1_151' title='bbox 109 2026 282 2095; x_wconf 88' lang='lat' dir='ltr'>miseratus</span> <span class='ocrx_word' id='word_1_152' title='bbox 310 2027 355 2091; x_wconf 91' lang='lat' dir='ltr'>sit</span> <span class='ocrx_word' id='word_1_153' title='bbox 381 2026 546 2091; x_wconf 88' lang='lat' dir='ltr'>fortunam</span> <span class='ocrx_word' id='word_1_154' title='bbox 571 2024 738 2110; x_wconf 86' lang='lat' dir='ltr'>Graeciae,</span> <span class='ocrx_word' id='word_1_155' title='bbox 768 2027 854 2111; x_wconf 91' lang='lat' dir='ltr'>quod</span> <span class='ocrx_word' id='word_1_156' title='bbox 881 2032 950 2093; x_wconf 90' lang='lat' dir='ltr'>tam</span> <span class='ocrx_word' id='word_1_157' title='bbox 977 2030 1119 2096; x_wconf 92' lang='lat' dir='ltr'>multia</span> <span class='ocrx_word' id='word_1_158' title='bbox 1162 2083 1165 2087; x_wconf 91' lang='lat'>.</span> 
     </span>
     <span class='ocr_line' id='line_1_22' title="bbox 110 2114 1118 2200; baseline 0.002 -19"><span class='ocrx_word' id='word_1_159' title='bbox 110 2138 143 2181; x_wconf 90' lang='lat' dir='ltr'>se</span> <span class='ocrx_word' id='word_1_160' title='bbox 166 2116 245 2180; x_wconf 87' lang='lat' dir='ltr'>victi</span> <span class='ocrx_word' id='word_1_161' title='bbox 267 2114 348 2180; x_wconf 87' lang='lat' dir='ltr'>vitio</span> <span class='ocrx_word' id='word_1_162' title='bbox 373 2114 631 2180; x_wconf 80' lang='lat' dir='ltr'>adversariorum</span> <span class='ocrx_word' id='word_1_163' title='bbox 649 2114 878 2180; x_wconf 83' lang='lat' dir='ltr'>concidissent:</span> <span class='ocrx_word' id='word_1_164' title='bbox 900 2138 1040 2200; x_wconf 91' lang='lat' dir='ltr'>namque</span> <span class='ocrx_word' id='word_1_165' title='bbox 1060 2119 1118 2183; x_wconf 90' lang='lat' dir='ltr'>illa</span> 
     </span>
     <span class='ocr_line' id='line_1_23' title="bbox 109 2201 1117 2289; baseline 0.002 -19"><span class='ocrx_word' id='word_1_166' title='bbox 109 2203 327 2288; x_wconf 88' lang='lat' dir='ltr'>multitudine,</span> <span class='ocrx_word' id='word_1_167' title='bbox 351 2203 379 2268; x_wconf 88' lang='lat' dir='ltr'>si</span> <span class='ocrx_word' id='word_1_168' title='bbox 403 2223 482 2268; x_wconf 89' lang='lat' dir='ltr'>sana</span> <span class='ocrx_word' id='word_1_169' title='bbox 504 2224 595 2268; x_wconf 89' lang='lat' dir='ltr'>mens</span> <span class='ocrx_word' id='word_1_170' title='bbox 619 2207 721 2288; x_wconf 86' lang='lat' dir='ltr'>esset,</span> <span class='ocrx_word' id='word_1_171' title='bbox 744 2201 898 2269; x_wconf 84' lang='lat' dir='ltr'>Graeciae</span> <span class='ocrx_word' id='word_1_172' title='bbox 922 2207 1117 2289; x_wconf 89' lang='lat' dir='ltr'>supplicium</span> 
     </span>
    </p>

    <p class='ocr_par' dir='ltr' id='par_1_8' title="bbox 75 2291 1117 2732">
     <span class='ocr_line' id='line_1_24' title="bbox 75 2291 1117 2375; baseline 0.001 -17"><span class='ocrx_word' id='word_1_173' title='bbox 75 2292 225 2358; x_wconf 81' lang='lat' dir='ltr'>aPersas</span> <span class='ocrx_word' id='word_1_174' title='bbox 258 2293 334 2357; x_wconf 91' lang='lat' dir='ltr'>dare</span> <span class='ocrx_word' id='word_1_175' title='bbox 366 2291 521 2375; x_wconf 89' lang='lat' dir='ltr'>potuisse.</span> <span class='ocrx_word' id='word_1_176' title='bbox 570 2291 657 2356; x_wconf 85' lang='lat' dir='ltr'>idem</span> <span class='ocrx_word' id='word_1_177' title='bbox 689 2313 762 2356; x_wconf 91' lang='lat' dir='ltr'>cum</span> <span class='ocrx_word' id='word_1_178' title='bbox 795 2292 995 2358; x_wconf 85' lang='lat' dir='ltr'>adversarios</span> <span class='ocrx_word' id='word_1_179' title='bbox 1028 2295 1117 2359; x_wconf 90' lang='lat' dir='ltr'>intra</span> 
     </span>
     <span class='ocr_line' id='line_1_25' title="bbox 111 2378 1116 2466; baseline 0.001 -19"><span class='ocrx_word' id='word_1_180' title='bbox 111 2381 238 2447; x_wconf 90' lang='lat' dir='ltr'>moenia</span> <span class='ocrx_word' id='word_1_181' title='bbox 257 2381 469 2466; x_wconf 88' lang='lat' dir='ltr'>compulisset</span> <span class='ocrx_word' id='word_1_182' title='bbox 487 2383 520 2445; x_wconf 96' lang='lat' dir='ltr'>et</span> <span class='ocrx_word' id='word_1_183' title='bbox 538 2382 576 2444; x_wconf 92' lang='lat' dir='ltr'>ut</span> <span class='ocrx_word' id='word_1_184' title='bbox 590 2378 784 2445; x_wconf 78' lang='lat' dir='ltr'>Corinthum</span> <span class='ocrx_word' id='word_1_185' title='bbox 803 2386 1006 2466; x_wconf 85' lang='lat' dir='ltr'>oppugnaret</span> <span class='ocrx_word' id='word_1_186' title='bbox 1021 2383 1116 2448; x_wconf 92' lang='lat' dir='ltr'>multi</span> 
     </span>
     <span class='ocr_line' id='line_1_26' title="bbox 110 2467 1117 2555; baseline 0.001 -21"><span class='ocrx_word' id='word_1_187' title='bbox 110 2470 330 2554; x_wconf 89' lang='lat' dir='ltr'>hortarentur,</span> <span class='ocrx_word' id='word_1_188' title='bbox 346 2469 479 2555; x_wconf 86' lang='lat' dir='ltr'>negavit</span> <span class='ocrx_word' id='word_1_189' title='bbox 497 2467 531 2531; x_wconf 89' lang='lat' dir='ltr'>id</span> <span class='ocrx_word' id='word_1_190' title='bbox 550 2489 626 2532; x_wconf 90' lang='lat' dir='ltr'>suae</span> <span class='ocrx_word' id='word_1_191' title='bbox 641 2469 756 2532; x_wconf 83' lang='lat' dir='ltr'>virtuti</span> <span class='ocrx_word' id='word_1_192' title='bbox 770 2470 953 2533; x_wconf 82' lang='lat' dir='ltr'>convenire:</span> <span class='ocrx_word' id='word_1_193' title='bbox 977 2491 1011 2533; x_wconf 89' lang='lat' dir='ltr'>se</span> <span class='ocrx_word' id='word_1_194' title='bbox 1031 2471 1117 2535; x_wconf 88' lang='lat' dir='ltr'>enim</span> 
     </span>
     <span class='ocr_line' id='line_1_27' title="bbox 111 2555 1117 2642; baseline 0.002 -19"><span class='ocrx_word' id='word_1_195' title='bbox 111 2580 185 2624; x_wconf 89' lang='lat' dir='ltr'>eum</span> <span class='ocrx_word' id='word_1_196' title='bbox 208 2580 277 2624; x_wconf 89' lang='lat' dir='ltr'>esse</span> <span class='ocrx_word' id='word_1_197' title='bbox 303 2557 422 2642; x_wconf 83' lang='lat' dir='ltr'>[dixit],</span> <span class='ocrx_word' id='word_1_198' title='bbox 446 2556 501 2640; x_wconf 94' lang='lat' dir='ltr'>qui</span> <span class='ocrx_word' id='word_1_199' title='bbox 524 2555 564 2620; x_wconf 92' lang='lat' dir='ltr'>ad</span> <span class='ocrx_word' id='word_1_200' title='bbox 588 2555 732 2620; x_wconf 91' lang='lat' dir='ltr'>officium</span> <span class='ocrx_word' id='word_1_201' title='bbox 753 2560 925 2640; x_wconf 86' lang='lat' dir='ltr'>peccantes</span> <span class='ocrx_word' id='word_1_202' title='bbox 944 2557 1047 2622; x_wconf 89' lang='lat' dir='ltr'>redire</span> <span class='ocrx_word' id='word_1_203' title='bbox 1067 2581 1117 2625; x_wconf 81' lang='lat' dir='ltr'>co</span> 
     </span>
     <span class='ocr_line' id='line_1_28' title="bbox 111 2643 1116 2732; baseline -0.001 -21"><span class='ocrx_word' id='word_1_204' title='bbox 111 2649 212 2732; x_wconf 88' lang='lat' dir='ltr'>geret,</span> <span class='ocrx_word' id='word_1_205' title='bbox 235 2668 300 2711; x_wconf 90' lang='lat' dir='ltr'>non</span> <span class='ocrx_word' id='word_1_206' title='bbox 320 2646 375 2728; x_wconf 90' lang='lat' dir='ltr'>qui</span> <span class='ocrx_word' id='word_1_207' title='bbox 393 2645 490 2711; x_wconf 90' lang='lat' dir='ltr'>urbes</span> <span class='ocrx_word' id='word_1_208' title='bbox 503 2643 725 2709; x_wconf 90' lang='lat' dir='ltr'>nobilissimas</span> <span class='ocrx_word' id='word_1_209' title='bbox 740 2648 940 2730; x_wconf 85' lang='lat' dir='ltr'>expugnaret</span> <span class='ocrx_word' id='word_1_210' title='bbox 954 2643 1116 2712; x_wconf 82' lang='lat' dir='ltr'>Graeciae.</span> 
     </span>
    </p>

    <p class='ocr_par' dir='ltr' id='par_1_9' title="bbox 74 2732 1117 3080">
     <span class='ocr_line' id='line_1_29' title="bbox 74 2732 1117 2816; baseline 0.002 -18"><span class='ocrx_word' id='word_1_211' title='bbox 74 2733 201 2798; x_wconf 69' lang='lat' dir='ltr'>4‘nam</span> <span class='ocrx_word' id='word_1_212' title='bbox 225 2733 269 2797; x_wconf 88' lang='lat' dir='ltr'>si&#39;</span> <span class='ocrx_word' id='word_1_213' title='bbox 293 2733 399 2815; x_wconf 90' lang='lat' dir='ltr'>inquit</span> <span class='ocrx_word' id='word_1_214' title='bbox 422 2732 489 2796; x_wconf 75' lang='lat' dir='ltr'>‘eos</span> <span class='ocrx_word' id='word_1_215' title='bbox 513 2732 718 2816; x_wconf 87' lang='lat' dir='ltr'>exstinguere</span> <span class='ocrx_word' id='word_1_216' title='bbox 741 2732 951 2816; x_wconf 87' lang='lat' dir='ltr'>voluerimus,</span> <span class='ocrx_word' id='word_1_217' title='bbox 979 2735 1035 2816; x_wconf 92' lang='lat' dir='ltr'>qui</span> <span class='ocrx_word' id='word_1_218' title='bbox 1062 2756 1117 2800; x_wconf 91' lang='lat' dir='ltr'>no·</span> 
     </span>
     <span class='ocr_line' id='line_1_30' title="bbox 109 2819 1116 2906; baseline 0.005 -23"><span class='ocrx_word' id='word_1_219' title='bbox 109 2819 236 2884; x_wconf 86' lang='lat' dir='ltr'>hiscum</span> <span class='ocrx_word' id='word_1_220' title='bbox 260 2820 412 2884; x_wconf 82' lang='lat' dir='ltr'>adversus</span> <span class='ocrx_word' id='word_1_221' title='bbox 436 2820 593 2883; x_wconf 89' lang='lat' dir='ltr'>barbaros</span> <span class='ocrx_word' id='word_1_222' title='bbox 617 2823 791 2903; x_wconf 89' lang='lat' dir='ltr'>steterunt,</span> <span class='ocrx_word' id='word_1_223' title='bbox 818 2825 948 2885; x_wconf 89' lang='lat' dir='ltr'>nosmet</span> <span class='ocrx_word' id='word_1_224' title='bbox 970 2821 1034 2906; x_wconf 88' lang='lat' dir='ltr'>ipsi</span> <span class='ocrx_word' id='word_1_225' title='bbox 1056 2843 1116 2888; x_wconf 85' lang='lat' dir='ltr'>nos</span> 
     </span>
     <span class='ocr_line' id='line_1_31' title="bbox 111 2906 1116 2992; baseline 0.003 -20"><span class='ocrx_word' id='word_1_226' title='bbox 111 2906 402 2991; x_wconf 84' lang='lat' dir='ltr'>expugnaverimus</span> <span class='ocrx_word' id='word_1_227' title='bbox 434 2907 500 2969; x_wconf 91' lang='lat' dir='ltr'>illis</span> <span class='ocrx_word' id='word_1_228' title='bbox 535 2906 783 2989; x_wconf 87' lang='lat' dir='ltr'>quiescentibus.</span> <span class='ocrx_word' id='word_1_229' title='bbox 830 2929 893 2992; x_wconf 91' lang='lat' dir='ltr'>quo</span> <span class='ocrx_word' id='word_1_230' title='bbox 925 2907 1013 2974; x_wconf 88' lang='lat' dir='ltr'>facto</span> <span class='ocrx_word' id='word_1_231' title='bbox 1047 2909 1116 2975; x_wconf 84' lang='lat' dir='ltr'>sine</span> 
     </span>
     <span class='ocr_line' id='line_1_32' title="bbox 110 2994 859 3080; baseline -0.001 -19"><span class='ocrx_word' id='word_1_232' title='bbox 110 2994 254 3080; x_wconf 87' lang='lat' dir='ltr'>negotio,</span> <span class='ocrx_word' id='word_1_233' title='bbox 277 3015 350 3058; x_wconf 91' lang='lat' dir='ltr'>oum</span> <span class='ocrx_word' id='word_1_234' title='bbox 372 2994 548 3077; x_wconf 82' lang='lat' dir='ltr'>voluerint,</span> <span class='ocrx_word' id='word_1_235' title='bbox 570 3015 630 3058; x_wconf 91' lang='lat' dir='ltr'>nos</span> <span class='ocrx_word' id='word_1_236' title='bbox 655 2995 859 3078; x_wconf 69' lang='lat' dir='ltr'>oppriment?</span> 
     </span>
    </p>

    <p class='ocr_par' dir='ltr' id='par_1_10' title="bbox 76 3080 1118 3611">
     <span class='ocr_line' id='line_1_33' title="bbox 76 3080 1117 3168; baseline 0 -19"><span class='ocrx_word' id='word_1_237' title='bbox 76 3086 96 3149; x_wconf 88' lang='lat'><strong>6</strong></span> <span class='ocrx_word' id='word_1_238' title='bbox 199 3081 336 3148; x_wconf 88' lang='lat' dir='ltr'>Interim</span> <span class='ocrx_word' id='word_1_239' title='bbox 364 3080 481 3146; x_wconf 90' lang='lat' dir='ltr'>accidit</span> <span class='ocrx_word' id='word_1_240' title='bbox 508 3081 565 3145; x_wconf 87' lang='lat' dir='ltr'>illa</span> <span class='ocrx_word' id='word_1_241' title='bbox 595 3082 764 3148; x_wconf 87' lang='lat' dir='ltr'>calamitas</span> <span class='ocrx_word' id='word_1_242' title='bbox 787 3084 872 3168; x_wconf 89' lang='lat' dir='ltr'>apud</span> <span class='ocrx_word' id='word_1_243' title='bbox 895 3082 1035 3151; x_wconf 87' lang='lat' dir='ltr'>Leuctra</span> <span class='ocrx_word' id='word_1_244' title='bbox 1057 3085 1117 3149; x_wconf 87' lang='lat' dir='ltr'>La·</span> 
     </span>
     <span class='ocr_line' id='line_1_34' title="bbox 111 3169 1117 3257; baseline 0.001 -19"><span class='ocrx_word' id='word_1_245' title='bbox 111 3170 335 3238; x_wconf 89' lang='lat' dir='ltr'>cedaemoniis.</span> <span class='ocrx_word' id='word_1_246' title='bbox 374 3191 437 3253; x_wconf 91' lang='lat' dir='ltr'>quo</span> <span class='ocrx_word' id='word_1_247' title='bbox 460 3191 501 3234; x_wconf 90' lang='lat' dir='ltr'>ne</span> <span class='ocrx_word' id='word_1_248' title='bbox 524 3169 791 3256; x_wconf 89' lang='lat' dir='ltr'>proficisceretur,</span> <span class='ocrx_word' id='word_1_249' title='bbox 814 3194 887 3236; x_wconf 91' lang='lat' dir='ltr'>cum</span> <span class='ocrx_word' id='word_1_250' title='bbox 911 3195 930 3236; x_wconf 89' lang='lat' dir='ltr'>a</span> <span class='ocrx_word' id='word_1_251' title='bbox 951 3173 1117 3257; x_wconf 89' lang='lat' dir='ltr'>plerisque</span> 
     </span>
     <span class='ocr_line' id='line_1_35' title="bbox 112 3258 1118 3345; baseline 0.003 -21"><span class='ocrx_word' id='word_1_252' title='bbox 112 3261 152 3325; x_wconf 87' lang='lat' dir='ltr'>ad</span> <span class='ocrx_word' id='word_1_253' title='bbox 179 3260 359 3326; x_wconf 84' lang='lat' dir='ltr'>exeundum</span> <span class='ocrx_word' id='word_1_254' title='bbox 385 3258 620 3343; x_wconf 87' lang='lat' dir='ltr'>impelleretur,</span> <span class='ocrx_word' id='word_1_255' title='bbox 649 3260 738 3324; x_wconf 88' lang='lat' dir='ltr'>atsi</span> <span class='ocrx_word' id='word_1_256' title='bbox 765 3260 804 3324; x_wconf 90' lang='lat' dir='ltr'>de</span> <span class='ocrx_word' id='word_1_257' title='bbox 832 3260 920 3325; x_wconf 88' lang='lat' dir='ltr'>exitu</span> <span class='ocrx_word' id='word_1_258' title='bbox 948 3261 1118 3345; x_wconf 81' lang='lat' dir='ltr'>divinaret,</span> 
     </span>
     <span class='ocr_line' id='line_1_36' title="bbox 110 3345 1117 3434; baseline -0.001 -20"><span class='ocrx_word' id='word_1_259' title='bbox 110 3350 264 3414; x_wconf 65' lang='lat' dir='ltr'>marcant</span> <span class='ocrx_word' id='word_1_260' title='bbox 293 3351 477 3414; x_wconf 81' lang='lat' dir='ltr'>senectutem.</span> <span class='ocrx_word' id='word_1_261' title='bbox 523 3348 621 3431; x_wconf 88' lang='lat' dir='ltr'>idem,</span> <span class='ocrx_word' id='word_1_262' title='bbox 654 3370 727 3413; x_wconf 91' lang='lat' dir='ltr'>cum</span> <span class='ocrx_word' id='word_1_263' title='bbox 756 3345 998 3431; x_wconf 82' lang='lat' dir='ltr'>Epaminondas</span> <span class='ocrx_word' id='word_1_264' title='bbox 1023 3348 1117 3434; x_wconf 80' lang='lat' dir='ltr'>Spar-</span> 
     </span>
     <span class='ocr_line' id='line_1_37' title="bbox 112 3436 1118 3522; baseline 0.003 -22"><span class='ocrx_word' id='word_1_265' title='bbox 112 3441 179 3500; x_wconf 90' lang='lat' dir='ltr'>tam</span> <span class='ocrx_word' id='word_1_266' title='bbox 204 3439 407 3522; x_wconf 83' lang='lat' dir='ltr'>oppugnaret</span> <span class='ocrx_word' id='word_1_267' title='bbox 429 3439 579 3519; x_wconf 89' lang='lat' dir='ltr'>essetque</span> <span class='ocrx_word' id='word_1_268' title='bbox 602 3436 671 3501; x_wconf 90' lang='lat' dir='ltr'>sino</span> <span class='ocrx_word' id='word_1_269' title='bbox 694 3436 795 3501; x_wconf 89' lang='lat' dir='ltr'>muris</span> <span class='ocrx_word' id='word_1_270' title='bbox 819 3436 986 3521; x_wconf 90' lang='lat' dir='ltr'>oppidum,</span> <span class='ocrx_word' id='word_1_271' title='bbox 1016 3438 1118 3503; x_wconf 88' lang='lat' dir='ltr'>talem</span> 
     </span>
     <span class='ocr_line' id='line_1_38' title="bbox 91 3524 1117 3611; baseline 0.014 -34"><span class='ocrx_word' id='word_1_272' title='bbox 91 3540 133 3579; x_wconf 75' lang='lat' dir='ltr'>ae</span> <span class='ocrx_word' id='word_1_273' title='bbox 163 3524 405 3602; x_wconf 73' lang='lat' dir='ltr'>imperatorem</span> <span class='ocrx_word' id='word_1_274' title='bbox 439 3524 612 3611; x_wconf 89' lang='lat' dir='ltr'>praebuit,</span> <span class='ocrx_word' id='word_1_275' title='bbox 647 3527 685 3589; x_wconf 92' lang='lat' dir='ltr'>ut</span> <span class='ocrx_word' id='word_1_276' title='bbox 717 3545 754 3588; x_wconf 90' lang='lat' dir='ltr'>eo</span> <span class='ocrx_word' id='word_1_277' title='bbox 787 3527 933 3608; x_wconf 88' lang='lat' dir='ltr'>tempore</span> <span class='ocrx_word' id='word_1_278' title='bbox 966 3526 1117 3591; x_wconf 88' lang='lat' dir='ltr'>omnibus</span> 
     </span>
    </p>
   </div>
   <div class='ocr_carea' id='block_1_3' title="bbox 0 0 1206 3922">
    <p class='ocr_par' dir='ltr' id='par_1_11' title="bbox 0 0 1206 3922">
     <span class='ocr_line' id='line_1_39' title="bbox 0 0 1206 3922; baseline 0 0"><span class='ocrx_word' id='word_1_279' title='bbox 0 0 1206 3922; x_wconf 95' lang='lat' dir='ltr'> </span> 
     </span>
    </p>
   </div>
  </div>
 </body>
</html>
