2400 3922
111 200 173 265 102
432 197 517 253 XXV.
536 197 699 254 nucleus.
727 204 751 252 4.
771 201 797 253 6.

107 347 197 408 mata
219 342 453 426 pronuntiabat
475 346 509 407 et
533 340 655 407 Graece
678 345 712 407 et
734 339 851 407 Latine
875 342 932 427 sic,
954 346 993 407 ut
1017 364 1118 428 supra

72 432 190 496 anihil
212 433 325 514 posset
347 430 430 495 addi.
476 430 593 514 quibus
617 431 714 494 rebus
741 427 867 494 factum
889 435 940 496 est
962 434 1000 496 ut
1024 429 1118 513 Sulla

108 539 269 602 nusquam
291 538 359 583 eum
382 519 423 583 ab
448 539 482 583 se
505 517 686 582 dimitteret
709 521 906 601 cuperetque
930 539 1041 585 secum
1064 518 1116 584 de·

109 608 232 682 ducere.
278 605 330 671 cui
353 628 426 672 cum
448 606 641 690 persuadere
669 609 826 690 tentaret,
853 605 947 691 ‘noli,
975 628 1032 672 oro
1060 607 1115 692 te,’

108 695 216 778 inquit
228 693 430 778 Pomponius
448 693 631 758 ‘adversum
649 714 704 758 eos
723 715 775 759 me
793 694 876 759 velle
894 694 1019 779 ducere,
1042 716 1118 760 cum

109 782 226 866 quibus
249 805 290 847 ne
313 786 427 848 contra
445 785 479 847 te
497 802 588 846 arma
604 781 733 866 ferrem,
754 780 887 846 Italiam
905 781 1043 866 reliqui?
1081 787 1117 848 at

110 867 201 936 Sulla
224 869 440 936 adulescentis
464 869 572 934 officio
592 869 776 935 collaudato
797 870 906 935 omnia
924 891 1059 936 munera
1077 871 1117 955 ei,

110 980 192 1042 quae
215 957 353 1023 Athenis
378 962 555 1041 acceperat,
576 957 785 1042 proficiscens
808 957 907 1023 iussit
929 957 1058 1023 deferri.

74 1064 90 1110 a
197 1045 261 1111 Hic
284 1046 465 1130 complures
489 1066 590 1129 annos
613 1050 773 1130 moratus,
800 1066 874 1133 cum
897 1046 1001 1112 atrei
1024 1045 1117 1112 fami·

108 1134 182 1198 liari
209 1137 338 1198 tantum
366 1154 482 1217 operae
515 1132 621 1217 daret,
653 1137 811 1216 quantum
841 1154 909 1199 non
940 1133 1116 1221 indiligens

109 1222 241 1285 deberet
262 1224 357 1304 pater
379 1219 529 1305 familias,
553 1225 587 1285 et
609 1221 719 1287 omnia
741 1221 866 1304 reliqua
888 1226 1039 1306 tempora
1059 1227 1116 1288 aut

108 1308 228 1373 litteris
248 1312 306 1373 aut
318 1307 568 1374 Atheniensium
586 1309 633 1374 rei
651 1309 800 1393 publicae
821 1309 989 1395 tribueret,
1010 1309 1117 1376 nihilo

73 1396 216 1464 eminus
249 1396 361 1462 amicis
393 1397 518 1462 urbana
550 1397 658 1463 officia
688 1397 865 1483 praestitit.
910 1417 987 1491 nam
1014 1402 1049 1463 et
1076 1399 1117 1463 ad

108 1484 242 1551 comitia
269 1506 381 1550 eorum
408 1485 583 1551 ventitavit
610 1489 657 1570 et,
686 1486 715 1550 si
744 1506 887 1571 quares
914 1486 1019 1552 maior
1042 1491 1118 1552 acta

108 1577 169 1658 est,
189 1595 256 1638 non
279 1572 391 1639 defuit.
429 1574 515 1639 sicut
538 1572 687 1640 Ciceroni
709 1573 745 1638 in
767 1573 918 1639 omnibus
941 1574 1010 1640 eius
1033 1575 1117 1658 peri·

109 1662 190 1728 culis
209 1662 409 1747 singularem
426 1662 524 1727 fidem
542 1661 706 1746 praebuit:
730 1661 782 1726 cui
796 1683 835 1726 ex
852 1661 960 1745 patria
975 1661 1117 1748 fugienti

109 1750 296 1814 sestertium
333 1750 473 1816 ducenta
503 1753 537 1813 et
574 1750 811 1835 quinquaginta
846 1749 938 1814 milia
974 1750 1117 1815 donant

73 1854 90 1904 a
109 1838 330 1920 tranquillatis
349 1842 460 1902 autem
478 1836 575 1901 rebus
589 1836 746 1902 Romanis
763 1837 953 1923 remigravit
966 1836 1117 1923 Romam,

107 1929 146 1991 ut
177 1926 293 2008 opinor
319 1923 356 1988 L.
384 1923 484 1990 Cotta
515 1920 551 1988 n.
578 1922 745 2007 Torquato
779 1924 982 1992 consulibus:
1020 1947 1117 2009 quem

109 2012 327 2077 discedentem
351 2010 398 2076 sic
420 2010 571 2076 universa
594 2012 709 2078 civitas
732 2011 982 2078 Atheniensium
1006 2035 1118 2098 prose·

109 2102 185 2164 outa
199 2102 258 2181 est,
280 2101 318 2162 ut
335 2098 479 2164 lacrimis
498 2099 649 2166 desiderii
667 2100 771 2165 futuri
789 2101 935 2167 dolorem
948 2101 1117 2168 indicaret.

73 2189 95 2253 5
196 2184 350 2251 Habebat
378 2189 572 2254 avunculum
600 2188 637 2265 Q.
660 2187 852 2273 Caecilium,
881 2189 1025 2273 equitem
1053 2189 1117 2255 Ro

109 2296 254 2360 manum,
284 2273 480 2341 familiarem
510 2276 546 2341 L.
569 2276 712 2361 Luculli,
743 2277 891 2362 divitem,
923 2275 1118 2343 difficillima

107 2368 238 2429 natura:
271 2364 361 2429 cuius
386 2365 432 2431 sic
461 2365 672 2449 asperitatem
699 2365 821 2431 veritus
849 2369 914 2449 est,
940 2368 991 2450 ut,
1020 2387 1117 2449 quem
1193 2386 1198 2397 ·

107 2474 202 2518 nemo
225 2451 309 2517 ferre
332 2456 454 2537 posset,
476 2453 573 2518 huius
597 2453 666 2518 sine
690 2451 867 2519 offensione
890 2453 932 2517 ad
954 2473 1117 2519 summam

109 2544 309 2606 senectutem
331 2540 502 2606 retinuerit
531 2541 793 2607 benivolentiam.
839 2562 903 2624 quo
925 2540 1014 2606 facto
1038 2541 1119 2607 tulit

73 2629 241 2713 apietatis
264 2627 415 2694 fructum.
461 2627 620 2695 Caecilius
643 2629 730 2695 enim
752 2629 894 2695 moriens
916 2632 1117 2695 testamento

108 2717 277 2801 adoptavit
300 2738 373 2782 eum
395 2717 609 2801 heredemque
632 2717 711 2782 fecit
733 2739 773 2782 ex
796 2716 966 2782 dodrante:
989 2738 1029 2782 ex
1053 2738 1117 2801 qua

73 2804 288 2869 ahereditate
320 2805 446 2888 accepit
474 2805 603 2870 circiter
631 2805 774 2870 centiens
803 2805 999 2870 sestertium.
1045 2809 1117 2871 erat

107 2889 516 3044 llbtztttllat·
534 2891 1116 3066 “tlttlttetttbttdt

144 3029 150 3042 ⁶
510 3030 519 3063 7

107 3068 205 3133 vebat
233 3066 509 3151 coniunctissime,
537 3068 640 3132 multo
669 3068 769 3133 etiam
795 3068 989 3134 familiarius
1018 3089 1116 3153 quam

108 3179 182 3223 cum
199 3155 330 3240 Quinto,
353 3159 391 3220 ut
412 3154 549 3220 iudicari
571 3156 677 3240 possit
699 3157 773 3241 plus
792 3157 827 3222 in
846 3156 990 3223 amicitia
1007 3157 1116 3222 valere

66 3263 89 3310 4
108 3245 354 3310 similitudinem
368 3265 496 3309 morum
511 3266 607 3328 quarn
618 3243 822 3311 affinitatem.
839 3245 996 3310 utebatur
1005 3249 1117 3311 autem

107 3333 222 3399 intime
245 3333 283 3410 Q.
305 3332 497 3417 Hortensio,
527 3333 583 3417 qui
605 3333 646 3397 iis
670 3333 872 3417 temporibus
894 3331 1116 3417 principatum

107 3421 310 3505 eloquentiae
335 3421 477 3505 tenebat,
498 3425 536 3486 ut
553 3421 701 3508 intellegi
718 3443 785 3487 non
802 3425 924 3506 posset,
945 3424 1020 3487 uter
1040 3442 1116 3485 eum

87 3509 177 3586 plus
197 3509 358 3595 diligeret,
386 3507 500 3576 Cicero
523 3530 565 3575 an
583 3508 793 3575 Hortensius:
816 3515 860 3595 et,
881 3509 915 3574 id
934 3508 1021 3591 quod
1045 3511 1116 3573 erat
