2400 3922
115 230 158 294 34
476 226 521 280 1x.
541 225 674 282 conon.
704 233 728 282 1.
743 234 767 283 2.

486 408 545 480 IX.
575 407 745 480 OONON.

79 549 98 614 'l
204 545 318 613 Conon
335 545 545 611 Atheniensis
564 543 799 628 Peloponnesio
818 544 905 608 bello
925 546 1064 612 accessit
1082 548 1123 612 ad

115 659 185 701 rem
207 635 380 719 publicam,
402 634 438 697 in
460 653 562 716 eoque
585 632 654 696 eius
678 653 776 716 opera
799 633 910 718 magni
932 632 1004 698 fuit.
1045 656 1122 700 nam

116 728 149 790 et
180 726 312 807 praetor
343 721 547 806 pedestribus
575 719 770 785 exercitibus
797 719 939 803 praefuit
969 725 1003 785 et
1032 745 1123 806 prae

115 812 220 877 fectus
244 810 357 875 classis
381 829 516 894 magnas
535 808 618 872 mari
630 827 679 873 res
692 806 803 892 gessit.
840 829 921 891 quas
940 810 982 873 ob
1007 831 1122 875 causas

115 899 306 984 praecipuus
336 896 366 961 ei
397 896 501 960 honos
532 895 665 960 habitus
695 898 753 959 est.
797 916 937 979 namque
970 897 1121 963 omnibus

115 1008 198 1052 unus
225 981 348 1050 insulis
367 983 522 1067 praefuit,
549 984 585 1047 in
607 1005 671 1066 qua
692 987 856 1066 potestate
879 982 1002 1048 Pheras
1027 986 1121 1070 cepit,

80 1090 96 1138 r
115 1073 276 1140 coloniam
295 1071 631 1136 Lacedaemoniorum.
662 1069 727 1134 fuit
745 1071 845 1135 etiam
865 1075 1010 1136 extremo
1030 1071 1121 1138 Pelo·

114 1160 269 1245 ponnesio
288 1158 374 1224 bello
393 1163 533 1243 praetor,
553 1180 626 1223 eum
644 1157 729 1241 apud
742 1156 852 1244 Aegos
871 1159 992 1224 flumen
1009 1161 1121 1244 copiae

114 1247 363 1312 Atheniensium
391 1247 431 1311 ab
459 1246 626 1330 Lysandro
659 1249 736 1310 sunt
767 1245 919 1311 devictae.
966 1247 1022 1312 sed
1050 1251 1121 1312 tum

115 1334 206 1419 afuit,
226 1356 327 1418 eoque
341 1335 433 1418 peius
448 1356 499 1399 res
514 1334 741 1398 administrata
755 1338 818 1397 est:
840 1356 917 1399 nam
931 1338 965 1398 et
978 1335 1120 1418 prudens

79 1438 95 1487 3
114 1423 162 1487 rei
180 1422 332 1487 militaris
351 1426 385 1486 et
403 1423 540 1508 diligens
560 1425 630 1486 erat
647 1422 834 1505 imperator.
867 1422 979 1505 itaque
997 1423 1121 1488 nemini

114 1515 184 1575 erat
206 1510 247 1575 iis
270 1511 472 1594 temporibus
496 1510 643 1593 dubium,
665 1509 694 1573 si
717 1509 876 1592 affuisset,
905 1510 997 1573 illam
1019 1509 1120 1576 Athe

113 1599 242 1664 nienses
266 1599 488 1663 calamitatem
511 1600 699 1681 accepturos
722 1617 789 1661 non
810 1596 919 1664 fuisse.

78 1685 100 1750 2
202 1686 312 1752 Rebus
351 1691 460 1751 autem
496 1685 645 1767 afflictis,
686 1706 759 1749 oum
798 1685 940 1768 patriam
977 1686 1120 1752 obsideri

114 1775 267 1856 audisset,
283 1794 350 1838 non
364 1772 533 1855 quaesivit,
551 1772 609 1835 ubi
627 1772 697 1855 ipse
715 1775 789 1837 tuto
810 1772 941 1856 viveret,
961 1773 1017 1837 sed
1035 1773 1119 1839 unde

113 1860 274 1944 praesidio
298 1863 411 1942 posset
434 1879 504 1922 esse
528 1858 651 1922 civibus
675 1859 752 1923 suis.
786 1860 897 1943 itaque
920 1861 1061 1926 contulit
1084 1882 1118 1926 se

114 1948 154 2010 ad
176 1945 430 2029 Pharnabazum,
454 1948 617 2029 satrapem
640 1944 751 2011 Ioniae
775 1950 808 2010 et
826 1946 947 2032 Lydiae
971 1949 1119 2014 eundem·

114 2053 210 2115 quem
237 2053 391 2117 generum
417 2033 503 2118 regis
531 2036 564 2096 et
590 2034 821 2117 propinquum:
849 2036 934 2119 apud
962 2058 1058 2119 quem
1080 2040 1119 2101 ut

113 2119 253 2204 multum
275 2120 383 2204 gratia
404 2121 536 2204 valeret,
558 2121 662 2186 multo
685 2122 797 2187 labore
815 2123 992 2206 multisque
1011 2123 1118 2188 effecit

77 2207 273 2290 apericulis.
318 2229 394 2272 nam
424 2230 497 2272 oum
520 2207 765 2273 Lacedaemonii
788 2209 1043 2276 Atheniensibus
1067 2211 1118 2276 de·

112 2295 208 2360 victis
227 2296 263 2359 in
281 2296 436 2361 societate
454 2318 520 2361 non
539 2301 714 2381 manerent,
734 2319 831 2380 quam
850 2320 923 2363 cum
936 2297 1117 2364 Artaxerxe

112 2381 265 2469 fecerant,
287 2382 541 2469 Agesilaumque
566 2385 725 2449 bellatum
748 2385 914 2450 misissent
936 2386 972 2450 in
993 2385 1117 2472 Asiam,

112 2473 251 2537 maxime
273 2473 406 2556 impulsi
429 2496 449 2537 a
470 2472 700 2556 Tissapherne,
730 2473 786 2556 qui
814 2494 852 2537 ex
879 2473 1006 2538 intimis
1029 2474 1116 2560 regis

112 2561 152 2624 ab
168 2561 313 2626 amicitia
326 2561 394 2625 eius
410 2559 570 2625 defecerat
584 2564 617 2624 et
631 2582 705 2624 cum
716 2559 979 2625 Lacedaemoniis
994 2562 1117 2627 coierat

111 2648 316 2731 societatem,
347 2647 433 2711 hunc
465 2648 617 2713 adversus
644 2647 873 2713 Pharnabazus
904 2650 1037 2714 habitus
1066 2654 1117 2714 est

110 2735 297 2816 imperator,
329 2755 364 2796 re
392 2734 521 2816 quidem
548 2757 625 2799 vera
652 2735 806 2800 exercitui
837 2736 979 2820 praefuit
1002 2735 1117 2802 (lonon
1167 2799 1169 2802 .

75 2835 92 2884 o
111 2820 243 2901 eiusque
263 2821 372 2884 onmia
390 2821 526 2885 arbitrio
544 2826 637 2907 gesta
656 2827 740 2886 sunt.
771 2822 824 2888 hic
842 2824 983 2889 multum
1001 2823 1116 2890 ducem

111 2927 274 2970 summum
292 2906 483 2991 Agesilaum
505 2908 674 2992 impedivit
697 2931 854 2994 saepeque
878 2911 946 2976 eius
971 2911 1115 2977 consiliis

111 2993 255 3077 obstitit,
286 3015 390 3076 neque
416 3016 492 3059 vero
520 3016 586 3059 non
617 2995 681 3059 fuit
713 3002 875 3084 apertum,
908 2999 936 3063 si
966 2999 1023 3064 ille
1049 3021 1116 3065 non

109 3080 239 3164 fuisset,
271 3079 462 3166 Agesilaum
494 3083 608 3147 Asiam
640 3083 746 3149 Tauro
786 3089 880 3151 tenus
912 3087 983 3172 regi
1013 3086 1115 3152 fuisse

78 3173 305 3253 lerepturum.
351 3171 405 3253 qui
437 3175 651 3254 posteaquam
682 3171 814 3237 domum
844 3196 864 3238 a
891 3174 958 3238 suis
990 3175 1115 3241 civibus

109 3261 278 3322 revocatus
307 3261 370 3341 est,
400 3259 486 3340 quod
513 3258 630 3323 Boeoti
657 3264 691 3323 et
713 3259 929 3326 Athenienses
957 3260 1115 3328 Lacedae

109 3345 226 3410 moniis
253 3345 376 3410 bellum
403 3346 598 3431 indixerant,
628 3345 741 3414 Conon
767 3349 870 3413 nihilo
899 3350 1000 3414 setius
1029 3349 1114 3434 apud

108 3433 290 3516 praefectos
322 3434 409 3520 regis
441 3434 633 3498 versabatur
668 3435 773 3519 iisque
806 3437 956 3502 omnibus
993 3459 1113 3523 magno

101 3524 177 3580 erat
198 3521 280 3584 usui,
