2400 3922
379 226 427 281 rv.
447 225 659 292 pausamus.
688 196 766 284 244.
1035 230 1075 293 17

59 369 200 457 cognita
223 370 363 435 alacrior
385 371 426 435 ad
449 393 518 436 rem
541 373 716 457 gerendam
738 371 846 437 factus
868 373 903 437 in
922 375 1077 459 suspicio·

59 481 140 524 nem
164 457 281 523 cecidit
299 457 637 548 Lacedaemoniorum.
675 482 739 545 quo
763 461 850 525 facto
874 461 1006 526 domum
1029 486 1076 527 re·

61 551 210 630 vocatus,
236 551 407 612 accusatus
431 548 548 631 capitis
571 548 761 633 absolvitur,
785 550 944 613 multatur
966 553 1077 616 tamen

60 635 211 720 pecunia,
235 656 333 718 quam
352 635 393 699 ob
409 657 541 700 oausam
555 637 596 701 ad
610 637 748 702 classem
762 637 916 702 remissus
935 643 1074 703 nonest.

154 722 202 787 At
223 723 279 786 ille
301 726 379 806 post
401 745 468 788 non
490 724 594 789 multo
618 746 678 789 sue
700 729 817 809 sponte
840 725 880 789 ad
898 726 1075 790 exercitum
1095 728 1114 792 3

62 811 163 876 rediit
186 813 220 874 et
242 810 290 874 ibi
311 832 378 875 non
396 812 524 895 stolida,
548 813 604 877 sed
626 812 768 877 dementi
786 813 912 878 ratione
931 814 1076 900 cogitata

61 898 235 984 patefecit:
266 899 442 964 nonenim
465 921 572 965 mores
594 901 720 984 patrios
744 902 863 986 solum,
891 902 948 966 scd
975 902 1075 966 etiam

61 988 191 1054 cultum
204 985 424 1070 vestitumque
439 989 587 1054 mutavit.
625 994 784 1074 apparatu
802 990 892 1076 regio
911 990 1074 1073 utebatur,
1094 1008 1110 1056 2

61 1081 155 1143 veste
173 1073 313 1160 Medica3
336 1075 496 1141 satellites
514 1075 602 1141 Medi
620 1081 654 1142 et
667 1077 823 1164 Aegyptii
842 1079 1075 1162 sequebantur3

62 1163 260 1249 epulabatur
282 1184 373 1228 more
396 1163 570 1230 Persarum
592 1166 798 1251 luxuriosius,
822 1188 920 1250 quam
943 1166 1000 1250 qui
1023 1166 1076 1230 ad·

62 1257 158 1318 erant
176 1251 304 1336 perpeti
319 1257 467 1338 possent3
490 1252 616 1318 aditum
628 1254 817 1337 petentibus
833 1254 1073 1335 [conveniundi]
1093 1274 1109 1322 3

61 1363 130 1406 non
153 1340 262 1424 dabat,
284 1341 422 1424 superbe
441 1343 667 1427 respondebat,
689 1343 863 1407 crudeliter
883 1343 1074 1428 imperabat.

63 1428 221 1515 Spartam
248 1427 352 1492 redire
379 1429 526 1514 nolebat,
558 1429 712 1513 Colonas,
741 1432 796 1513 qui
824 1432 914 1495 locus
936 1432 972 1494 in
994 1452 1073 1516 agro

61 1518 191 1582 Troade
218 1520 281 1599 est,
314 1538 349 1582 se
376 1518 573 1603 contulerat3
604 1517 651 1581 ibi
679 1518 816 1581 consilia
845 1539 919 1583 cum
946 1520 1073 1600 patriae

63 1610 136 1671 tum
154 1605 220 1670 sibi
237 1604 370 1670 inimica
389 1607 546 1690 capiebat.
582 1605 616 1670 id
633 1608 809 1689 postquam
826 1603 1073 1669 Lacedaemonii
1092 1625 1108 1672 4

62 1695 253 1777 rescierunt,
276 1692 403 1778 legatos
423 1716 497 1759 cum
516 1694 607 1758 clava
625 1694 667 1758 ad
685 1714 759 1757 eum
775 1693 943 1776 miserunt,
960 1692 1074 1775 inqua

63 1804 153 1849 more
177 1782 309 1847 illorum
328 1788 399 1846 erat
418 1782 590 1866 scriptum:
613 1782 678 1847 nisi
698 1782 831 1847 domum
848 1784 1073 1864 reverteretur,

63 1894 96 1937 se
127 1870 246 1955 capitis
275 1890 350 1934 eum
381 1871 600 1936 damnaturos.
645 1870 707 1936 hoc
733 1870 849 1936 nuntio
882 1873 1107 1953 commotast

63 1981 198 2047 sperans
217 1979 252 2023 se
272 1957 443 2023 etiamtum
461 1959 599 2043 pecunia
617 1963 651 2024 et
670 1959 820 2042 potentia
841 1959 967 2023 instans
991 1957 1073 2042 peri·

62 2050 172 2115 culum
194 2067 291 2131 posse
319 2046 492 2132 depellere,
520 2047 651 2112 domum
678 2047 783 2111 rediit.
828 2047 892 2113 huc
914 2051 952 2112 ut
974 2047 1073 2127 venit,

62 2138 101 2202 ab
126 2134 260 2220 ephoris
283 2134 318 2197 in
340 2135 447 2201 vincla
469 2135 601 2221 publica
618 2140 669 2200 est
688 2135 866 2200 coniectus:
889 2135 967 2199 licet
986 2135 1073 2199 enim

61 2225 192 2313 legibus
222 2244 334 2288 eorum
364 2224 466 2288 cuivis
497 2223 618 2306 ephoro
648 2223 711 2289 hoc
740 2224 845 2288 facere
872 2223 951 2308 regi.
996 2224 1072 2288 hinc

61 2319 173 2379 tamen
192 2333 227 2377 se
246 2311 416 2396 expedivit,
434 2333 538 2396 neque
553 2333 591 2374 eo
606 2312 711 2396 magis
726 2311 858 2375 carebat
875 2310 1071 2393 suspicione:

60 2425 137 2468 nam
156 2399 268 2485 opinio
286 2400 441 2464 manabat
459 2422 533 2465 eum
552 2421 626 2464 cum
644 2419 720 2484 rege
736 2398 856 2462 habere
872 2398 1070 2461 societatem.

61 2495 111 2556 est
134 2509 239 2576 genus
263 2488 425 2571 quoddam
452 2488 634 2572 hominum,
662 2486 748 2570 quod
770 2485 903 2550 Hilotae
926 2488 1070 2568 vocatur,
1089 2506 1105 2554 c

61 2599 201 2664 quorum
215 2597 334 2661 magna
348 2576 524 2642 multitudo
539 2597 635 2661 agros
646 2573 977 2640 Lacedaemoniorum
991 2572 1072 2637 colit

61 2686 293 2750 servorumque
326 2686 458 2729 munere
490 2665 646 2750 fungitur.
697 2664 758 2728 hos
792 2684 920 2746 quoque
953 2661 1070 2726 sollici-

60 2761 130 2822 tare
161 2775 220 2838 spe
251 2752 416 2818 libertatis
446 2753 704 2818 existimabatur.
751 2750 807 2816 sed
836 2751 923 2836 quod
953 2751 1104 2817 harumr

60 2865 170 2911 rerum
193 2842 319 2906 nullum
343 2845 414 2905 erat
437 2846 586 2925 apertum
609 2841 739 2924 crimen,
763 2861 827 2924 quo
847 2840 980 2925 coargui
998 2861 1071 2924 pos·

60 2937 118 3018 set,
136 2953 206 2996 non
223 2929 385 3014 putabant
403 2929 442 2993 de
461 2931 522 2994 tali
540 2934 672 3012 tamquo
691 2929 779 2993 claro
793 2928 863 2992 viro
882 2928 1071 3011 suspicioni-

59 3022 118 3087 bus
143 3022 297 3104 oportere
325 3017 461 3083 iudicari
489 3023 523 3083 et
546 3017 811 3100 exspectandum,
841 3017 918 3081 dum
942 3039 975 3081 se
999 3018 1071 3100 ipsa

59 3133 108 3177 res
133 3107 286 3193 aperiret.

146 3196 287 3262 Interim
318 3194 465 3282 Argilius
499 3195 630 3280 quidam
663 3194 940 3275 adulescentulus,
972 3191 1109 3289 queml

58 3307 197 3371 puerum
219 3283 398 3349 Pausanias
423 3306 532 3349 amore
555 3283 685 3348 venerio
708 3283 878 3364 dilexerat,
909 3299 981 3343 cum
1004 3298 1069 3360 ep1·

58 3377 181 3441 stulam
200 3373 241 3437 ab
261 3395 300 3438 eo
319 3373 359 3437 ad
373 3371 573 3438 Artabazum
592 3371 770 3455 accepisset
792 3369 886 3450 eique
909 3367 943 3429 in
966 3364 1069 3447 suspi-

58 3465 187 3530 cionem
213 3462 356 3528 veuisset
388 3461 512 3544 aliquid
542 3460 578 3523 in
605 3479 643 3522 ea
670 3459 709 3523 de
737 3479 771 3522 se
798 3467 868 3519 esso
901 3453 1079 3535 scriptum,

58 3553 144 3636 quod
175 3571 271 3615 nemo
304 3571 415 3615 corum
449 3548 606 3636 redisset,
638 3549 699 3634 qui
729 3549 849 3628 isuper
878 3541 951 3604 usui
979 3537 1108 3613 sauses

99 3661 239 3702 manantur
251 3661 341 3704 Nares.
929 3648 956 3696 ἱ
