2400 3922
112 225 156 290 26
417 223 477 278 vn.
496 223 720 280 meramors.
747 231 773 280 4.
792 230 818 280 s.

74 388 91 437 s
109 370 166 455 ibi,
183 373 221 435 ut
234 369 305 453 ipse
319 368 505 452 praedicare
520 373 701 453 consuerat,
718 390 785 434 non
799 370 952 436 adversus
966 373 1119 455 patriam,

110 458 166 524 sed
195 457 345 522 inimicos
375 477 452 522 suos
481 457 605 521 bellum
634 456 751 543 gessit,
782 458 839 541 qui
871 458 976 523 eidem
1005 460 1118 526 hostes

110 549 220 612 essent
247 545 388 610 civitati:
419 566 496 609 nam
523 566 597 610 cum
623 545 851 630 intellegerent
879 568 913 610 se
940 547 1119 631 plurimum

109 635 264 720 prodesse
290 654 387 718 posse
415 633 462 697 rei
489 633 651 717 publicae,
684 655 724 697 ex
751 654 789 697 aa
816 634 949 699 eiecisse
980 637 1119 722 plusque

75 722 178 791 ‘lirae
206 743 283 787 suae
311 743 410 805 quam
441 720 579 786 utilitati
611 721 775 786 communi
805 723 961 805 paruisse.
1007 725 1118 809 itaque

79 869 88 875 ι
109 810 207 877 huius
226 809 362 876 consilio
376 809 623 874 Lacedaemonii
643 831 716 875 cum
729 807 828 874 Perse
846 832 922 897 rege
939 812 1119 878 amicitiam

109 898 269 982 fecerunt,
296 898 371 963 dein
393 897 566 963 Deceleam
592 899 628 962 in
649 896 763 962 Attica
786 899 973 964 munierunt
1000 903 1119 983 pracsi-

110 987 227 1072 dioque
255 985 303 1050 ibi
330 990 488 1069 perpetuo
516 986 625 1070 posito
653 985 688 1049 in
711 985 879 1051 obsidione
902 986 1051 1054 Athenas
1075 994 1119 1054 te·

109 1078 259 1142 nuenmt.
291 1072 435 1138 eiusdem
458 1096 556 1158 opera
574 1072 700 1139 Ioniam
719 1095 738 1137 a
756 1074 912 1139 societate
930 1081 1119 1142 averterimt

110 1161 368 1227 Atheniensium.
405 1182 469 1244 quo
493 1161 581 1226 facto
604 1162 709 1226 multo
733 1162 915 1246 superiores
937 1164 1025 1247 bello
1048 1187 1119 1231 esse

111 1252 296 1333 coeperunt.

74 1338 97 1406 5
199 1335 313 1419 Neque
336 1358 413 1400 vero
440 1337 493 1402 his
522 1338 620 1402 rebus
643 1343 713 1403 tam
736 1339 832 1404 amici
854 1338 1019 1406 Alcibiadi
1042 1347 1119 1407 sunt

111 1425 190 1492 facti
214 1446 312 1507 quam
335 1424 453 1489 timore
476 1426 518 1489 ab
542 1447 579 1490 eo
603 1426 745 1491 alienati.
780 1450 859 1493 nam
877 1450 950 1493 cum
969 1431 1119 1495 acerrimi

110 1513 173 1576 riri
195 1516 417 1597 praestantem
439 1513 646 1597 prudentiam
664 1516 699 1579 in
717 1516 868 1580 omnibns
886 1517 984 1582 rebus
1003 1539 1120 1605 cogno·

112 1605 252 1687 sccrent,
282 1601 522 1685 pertimuerunt
543 1625 583 1667 ne
607 1603 743 1668 caritate
765 1604 892 1686 patriae
919 1605 1035 1670 ductus
1064 1607 1119 1672 ali·

112 1689 240 1773 quando
269 1691 310 1754 ab
338 1689 418 1774 ipsis
446 1690 639 1756 descisceret
667 1694 700 1755 et
728 1713 802 1756 cum
829 1693 897 1757 suis
920 1692 955 1757 in
977 1695 1120 1779 gratiam

111 1778 240 1842 rediret.
276 1778 387 1860 itaque
410 1781 539 1860 tempus
563 1778 632 1842 cius
655 1779 875 1844 interficiundi
898 1802 1051 1865 quaerere
1074 1783 1120 1848 in·

75 1866 299 1932 astituerunt.
344 1864 377 1928 id
404 1864 590 1930 Alcibiades
620 1866 742 1931 diutius
771 1868 869 1933 celari
900 1890 967 1933 non
996 1871 1119 1954 potuit:

112 1959 182 2019 crat
205 1953 292 2018 enirn
315 1974 353 2017 ea
377 1953 569 2038 sagacitate,
596 1957 634 2018 ut
657 1954 761 2037 decipi
784 1976 851 2020 non
876 1961 1003 2041 posset,
1029 1980 1120 2042 prae·

112 2042 226 2107 sertim
249 2062 323 2106 oum
346 2041 491 2105 animum
514 2042 708 2107 attendisset
727 2042 767 2107 ad
786 2043 971 2109 cavendum.
1007 2045 1120 2130 itaque

112 2130 153 2195 ad
175 2129 434 2214 Tissaphernem,
456 2129 658 2213 praefectum
681 2131 768 2216 regis
786 2129 889 2216 Darii,
912 2153 947 2197 se
970 2135 1120 2200 contulit.

74 2237 92 2286 3
112 2219 203 2285 cuius
228 2241 301 2285 cum
323 2219 359 2282 in
380 2217 532 2282 intimam
551 2219 730 2284 amicitiam
747 2220 950 2304 pervenisset
968 2225 1002 2286 et
1020 2223 1121 2288 Athe

22 2308 273 2374 w·‘·-*niensium
296 2308 381 2371 male
405 2307 507 2392 gestis
530 2307 565 2371 in
589 2305 701 2372 Sicilia
723 2308 820 2372 rebus
844 2329 922 2392 opes
946 2330 1121 2397 senescere,

113 2401 227 2462 contra
248 2394 578 2461 Lacedaemoniorum
602 2416 745 2460 crescere
767 2395 905 2480 videret,
927 2397 1023 2463 initio
1048 2421 1121 2465 cum

112 2483 270 2549 Pisandro
292 2487 454 2567 praetore,
477 2484 533 2566 qui
557 2483 642 2568 apud
666 2481 800 2549 Samum
823 2484 1002 2551 exercitum
1024 2485 1121 2552 habe-

111 2572 179 2654 bat,
197 2592 255 2653 per
272 2571 492 2636 internuntios
512 2572 710 2655 colloquitur
728 2576 762 2636 et
779 2572 818 2636 de
837 2572 944 2637 reditu
962 2595 1023 2639 suo
1041 2575 1122 2641 facit

113 2658 319 2723 mentionem.
353 2666 380 2722 ts
399 2659 574 2723 eratenim
593 2660 706 2724 eodem
725 2681 790 2743 quo
808 2660 995 2727 Alcibiades
1015 2684 1122 2750 sensu,

111 2745 225 2830 populi
255 2745 422 2828 potentiae
451 2767 517 2809 non
547 2747 669 2812 amicus
698 2752 732 2812 et
762 2749 971 2832 optimatium
1002 2749 1122 2817 fautor.

74 2850 95 2898 4
114 2834 154 2897 ab
181 2832 244 2896 hoc
266 2831 444 2897 destitutus
465 2833 608 2916 primum
630 2856 689 2919 per
710 2835 961 2922 Thrasybulum,
984 2836 1065 2924 Lyci
1088 2841 1123 2905 fi·

111 2921 202 3005 lium,
221 2920 261 2984 ab
276 2920 420 2984 exercitu
437 2921 595 3005 recipitur
611 2927 807 3007 praetorque
825 2926 865 2989 fit
878 2926 964 3009 apud
980 2925 1122 3013 Samum,

112 3012 189 3093 post
217 3007 415 3094 suffragante
442 3008 642 3075 Theramene
672 3012 786 3095 populi
819 3013 902 3079 scito
935 3015 1123 3081 restituitur

112 3096 247 3182 parique
271 3097 388 3160 absens
411 3097 547 3182 imperio
566 3100 755 3182 praeficitur
773 3101 871 3166 simul
890 3123 964 3167 cum
983 3103 1123 3189 Thrasy·

76 3201 94 3252 5
112 3186 191 3252 bulo
209 3188 242 3251 et
260 3183 469 3250 Theramene.
504 3186 623 3251 horum
645 3188 681 3252 in
703 3187 840 3272 imperio
864 3193 958 3255 tanta
982 3214 1124 3258 commu·

112 3275 197 3339 tatio
216 3295 325 3339 rerum
342 3271 430 3339 lacta
448 3278 508 3359 est,
525 3278 564 3339 ut
581 3274 838 3361 Lacedaemonii,
858 3278 914 3360 qui
931 3281 1031 3363 paulo
1048 3285 1123 3346 ante

112 3363 252 3428 victores
282 3362 467 3449 viguerant,
497 3364 664 3446 perterriti
695 3386 809 3448 pacem
840 3370 998 3449 peterent
1044 3369 1124 3434 victi

112 3450 200 3515 enim
222 3455 316 3516 erant
339 3450 481 3535 quinque
499 3452 632 3534 procliis
657 3453 876 3538 terrestribus,
899 3455 1006 3521 tribus
1028 3479 1125 3522 nava·

96 3537 201 3618 libas,
231 3539 270 3601 in
298 3539 421 3622 quibus
449 3539 606 3607 ducentas
633 3563 732 3607 naves
759 3541 909 3607 triremes
937 3545 1125 3630 amiserant,
