2400 3922
459 201 609 258 1111011.
637 209 663 256 1.
683 209 706 257 5.
802 172 804 177 ’
1046 205 1089 268 39

78 349 190 410 terant
217 344 348 427 Dionis,
380 344 415 408 in
441 367 540 410 naves
572 347 729 430 imposuit
715 347 797 412 tad
825 369 962 431 eumque
990 348 1089 412 misit

78 434 127 498 sio
151 433 238 497 enim
260 395 441 497 existimari
464 433 609 517 volebat,
639 434 672 497 id
695 454 818 500 senon
841 436 914 499 odio
937 435 1089 520 hominis,

79 521 136 585 sed
169 542 246 585 suae
279 519 396 584 salutis
428 519 544 585 fecisse
576 542 681 586 causa.
735 526 851 606 postea
882 544 957 588 vero
991 541 1124 606 quame

78 609 205 674 audivit
232 629 307 672 eum
334 608 369 672 in
390 606 617 709 Peloponneso
645 631 777 674 manum
800 632 988 694 comparare
1012 611 1088 675 sibi·

79 718 143 780 que
166 696 290 760 bellum
313 694 419 761 facere
438 696 558 780 conari,
576 694 658 761 Aret
643 700 709 781 111,
731 696 847 763 Dionis
866 719 1009 782 uxorem,
1032 698 1089 762 alii

77 788 221 869 nuptum
243 783 333 848 dedit
355 783 524 867 filiumque
548 784 617 849 eius
641 785 688 850 sic
711 785 841 851 educari
859 786 965 871 iussit,
987 787 1089 850 utin·

78 872 241 958 dulgendo
269 871 468 955 turpissimis
495 872 657 940 imbueret
642 876 697 937 tur
724 873 967 958 cupiditatibus.
1012 889 1125 939 11114

77 982 180 1046 puero
208 960 299 1044 prius
328 981 426 1044 quam
453 960 555 1043 pubes
584 964 671 1025 esset
703 966 811 1026 scorta
839 962 1039 1027 adducebant
1025 966 1089 1046 tur,

77 1050 155 1114 vino
175 1048 343 1132 epulisque
362 1048 522 1112 obruebat
507 1051 562 1112 tur
561 1069 692 1132 ,neque
710 1050 815 1114 ullum
833 1053 962 1134 tempus
977 1013 1089 1115 sobrid

77 1137 332 1219 relinquebatur.
369 1135 398 1199 is
416 1157 518 1219 usque
537 1157 575 1200 eo
594 1137 680 1201 11111
704 1141 828 1202 statum
851 1141 1123 1204 commutatumt

77 1223 163 1289 ferre
189 1245 257 1288 non
282 1223 405 1307 potuit,
435 1225 650 1307 postquam'
640 1247 675 1289 m
692 1226 843 1311 patriam
870 1227 967 1292 rediit
994 1229 1088 1310 pater

78 1310 235 1398 (namque
258 1311 402 1395 appositi
424 1315 518 1376 erant
541 1312 706 1397 custodes,
729 1314 785 1397 qui
808 1335 882 1378 eum
905 1337 925 1379 1
946 1315 1087 1398 pristino

77 1402 179 1479 11111,
197 1396 419 1484 deducerent),
450 1404 488 1463 ut
516 1420 550 1463 11
578 1399 617 1463 de
644 1400 810 1484 superiore
836 1406 930 1486 parte
959 1402 1087 1466 aedium

76 1488 234 1554 deiecerit
257 1491 354 1571 atque
377 1486 426 1551 ita
447 1487 619 1551 interierit.
665 1487 720 1551 sed
743 1488 822 1554 illuc
844 1492 998 1554 revertor.
1029 1494 1037 1509 ⁴

168 1575 349 1658 Postquam
380 1572 576 1639 Corinthum
611 1575 759 1658 pervenit
790 1574 879 1640 Dion
910 1580 944 1640 11
975 1577 1154 1643 eodem5-

77 1663 225 1750 perfugit
246 1662 435 1728 Heraclides
459 1663 499 1726 ab
524 1662 636 1727 eodem
659 1663 811 1746 expulsus
834 1661 1008 1748 Dionysio,
1031 1664 1088 1747 qui

76 1751 263 1838 praefectus
286 1750 394 1815 irrorat
417 1751 572 1834 equitum,
596 1751 685 1815 omni
707 1751 834 1815 ratione
856 1751 979 1815 bellum
1003 1772 1087 1816 oom-

77 1861 194 1927 parare
213 1842 397 1923 coeperunt.
433 1838 572 1904 sednon
587 1840 731 1904 multum
753 1839 977 1923 proficiebant,
1000 1839 1121 1922 quoda
1168 1894 1170 1898 .

78 1929 259 1994 multorum
286 1948 445 1992 annorum
471 1927 620 2009 tyrannis
647 1949 681 1991 m
747 1949 840 1993 arum
867 1949 967 2011 opum
994 1932 1086 2011 puta·

78 2018 192 2082 batur:
215 2037 313 2100 quam
337 2015 378 2079 ob
402 2035 533 2079 causam
555 2015 650 2098 pauci
673 2037 693 2079 1
738 2016 928 2081 societatem
950 2016 1086 2100 periculi

76 2104 345 2189 perducebantur.
389 2102 445 2166 sed
467 2101 562 2185 Dion,
585 2103 688 2168 fretus
711 2124 777 2168 non
800 2107 869 2168 tam
892 2103 960 2169 suis
984 2105 1121 2188 copiisa

77 2215 178 2278 quam
206 2191 280 2256 odio
294 2191 464 2342 tyranni,t
480 2191 620 2255 maximo
644 2191 752 2255 animo
775 2191 901 2256 duabus
929 2192 1085 2256 onerariis

76 2281 217 2346 navibus
247 2279 464 2364 quinquagint
465 2301 485 2342 a
516 2299 674 2343 annorum
706 2279 891 2363 imperium,
924 2281 1086 2343 munitum

77 2367 266 2453 quingentis
289 2368 396 2452 longis
419 2367 566 2450 navibus,
589 2365 698 2430 decem
722 2366 869 2448 equitum
892 2369 1085 2448 centumque

75 2457 225 2541 peditum
248 2454 395 2538 milibus,
422 2417 587 2538 profectis
612 2456 848 2554 oppugnatum,
876 2452 962 2536 quod
985 2454 1086 2517 omni-

75 2545 139 2609 bus
167 2527 321 2629 gentibus
349 2542 539 2607 admirabile
567 2545 617 2606 111
639 2541 759 2625 visum,
787 2541 865 2605 adeo
894 2539 988 2604 facile
1015 2563 1086 2624 per·
1159 2569 1160 2573 ¹

76 2626 1085 2716 111111,111111111111111111,111118111111111111131111,

77 2682 257 2804 Syracusas
285 2719 457 2782 introierit.
503 2739 542 2782 ex
565 2738 628 2800 quo
651 2717 799 2803 intellegi
825 2720 937 2800 potest
958 2716 1085 2781 nullum

76 2829 148 2872 esse
172 2807 344 2890 imperium
367 2810 420 2870 tut
421 2827 477 2870 um
499 2806 563 2870 nisi
586 2805 807 2870 benivolentia
829 2805 1000 2870 munitum.
1046 2821 1120 2870 eor

75 2901 223 2979 tempore
252 2895 365 2958 aberat
387 2893 565 2976 Dionysius
593 2899 627 2957 11
653 2893 687 2957 in
709 2892 807 2957 Italia
830 2893 967 2958 classem
990 2915 1085 2978 oppe-

75 2983 183 3047 riebat
169 2986 224 3046 tur
252 2981 522 3065 adversariorum,
550 2985 641 3045 ratus
670 2982 832 3045 neminem
860 2983 929 3047 sine
957 2983 1083 3068 magnis

75 3071 180 3154 copiis
210 3069 250 3133 ad
278 3091 311 3150 se
334 3073 515 3133 1111111111.
561 3091 642 3152 quac
665 3089 717 3132 res
741 3090 815 3132 11111
837 3069 963 3134 fefellit.
1007 3084 1119 3133 name

73 3156 212 3222 Dion
190 3179 232 3221 us
259 3157 355 3240 ipsis,
385 3158 441 3239 qui
469 3157 528 3221 sub
557 3156 731 3220 adversarii
759 3154 952 3238 fuerantpo
955 3160 1084 3238 testate,

73 3246 184 3329 regios
209 3245 344 3327 spiritus
368 3244 524 3326 repressit
548 3244 714 3327 totiusque
738 3244 807 3308 eius
830 3180 934 3327 partips
934 3178 1084 3306 OSiciliae

73 3332 202 3415 potitus
226 3334 286 3413 est,
309 3351 391 3412 quae
415 3331 474 3395 sub
498 3328 649 3414 Dionysii
671 3330 778 3395 fuerat
800 3332 964 3412 potestate
969 3330 1084 3412 ,pari-

75 3439 137 3500 que
170 3417 268 3481 modo
299 3418 390 3481 urbis
419 3415 652 3501 Syracusarum
684 3421 813 3499 praeter
843 3436 950 3478 arcem
977 3416 1047 3478 et
1038 3438 1084 3480 rn-

74 3505 181 3570 sulam
215 3505 345 3569 adiunot
331 3509 400 3569 tam
432 3505 569 3589 oppido,
605 3525 709 3589 eoque
739 3523 814 3566 rem
840 3502 1025 3583 11111111,
1053 3510 1137 3560 aaa
