<?xml version="1.0" encoding="UTF-8"?>
<!DOCTYPE html PUBLIC "-//W3C//DTD XHTML 1.0 Transitional//EN"
    "http://www.w3.org/TR/xhtml1/DTD/xhtml1-transitional.dtd">
<html xmlns="http://www.w3.org/1999/xhtml" xml:lang="en" lang="en">
 <head>
  <title>
</title>
<meta http-equiv="Content-Type" content="text/html;charset=utf-8" />
  <meta name='ocr-system' content='tesseract 3.04.00' />
  <meta name='ocr-capabilities' content='ocr_page ocr_carea ocr_par ocr_line ocrx_word'/>
</head>
<body>
  <div class='ocr_page' id='page_1' title='image "./corneliinepotis14nepogoog_0042.png"; bbox 0 0 2400 3922; ppageno 0'>
   <div class='ocr_carea' id='block_1_1' title="bbox 374 215 1086 288">
    <p class='ocr_par' dir='ltr' id='par_1_1' title="bbox 374 215 1086 288">
     <span class='ocr_line' id='line_1_1' title="bbox 374 215 1086 288; baseline 0.004 -15"><span class='ocrx_word' id='word_1_1' title='bbox 374 217 435 274; x_wconf 85' lang='lat' dir='ltr'><strong>vll.</strong></span> <span class='ocrx_word' id='word_1_2' title='bbox 453 215 679 276; x_wconf 73' lang='lat' dir='ltr'>ALCIBIADES.</span> <span class='ocrx_word' id='word_1_3' title='bbox 710 224 735 275; x_wconf 84' lang='grc'><strong>8.</strong></span> <span class='ocrx_word' id='word_1_4' title='bbox 754 226 779 276; x_wconf 78' lang='grc'><strong>9.</strong></span> <span class='ocrx_word' id='word_1_5' title='bbox 1042 223 1086 288; x_wconf 79' lang='grc'><strong>29</strong></span> 
     </span>
    </p>
   </div>
   <div class='ocr_carea' id='block_1_2' title="bbox 72 362 1124 3624">
    <p class='ocr_par' dir='ltr' id='par_1_2' title="bbox 72 362 1121 1750">
     <span class='ocr_line' id='line_1_2' title="bbox 73 362 1121 446; baseline 0.004 -17"><span class='ocrx_word' id='word_1_6' title='bbox 73 362 303 429; x_wconf 88' lang='lat' dir='ltr'><strong>conflicturum</strong></span> <span class='ocrx_word' id='word_1_7' title='bbox 331 366 389 428; x_wconf 88' lang='lat' dir='ltr'><strong>aut</strong></span> <span class='ocrx_word' id='word_1_8' title='bbox 412 362 535 427; x_wconf 90' lang='lat' dir='ltr'><strong>bellum</strong></span> <span class='ocrx_word' id='word_1_9' title='bbox 558 363 823 446; x_wconf 86' lang='lat' dir='ltr'><strong>compositurum.</strong></span> <span class='ocrx_word' id='word_1_10' title='bbox 868 364 902 430; x_wconf 91' lang='lat' dir='ltr'><strong>id</strong></span> <span class='ocrx_word' id='word_1_11' title='bbox 925 367 988 431; x_wconf 88' lang='lat' dir='ltr'><strong>etsi</strong></span> <span class='ocrx_word' id='word_1_12' title='bbox 1011 382 1121 433; x_wconf 72' lang='lat' dir='ltr'><strong>reret</strong></span> 
     </span>
     <span class='ocr_line' id='line_1_3' title="bbox 72 450 1085 536; baseline 0.004 -21"><span class='ocrx_word' id='word_1_13' title='bbox 72 450 200 516; x_wconf 87' lang='lat' dir='ltr'><strong>dictum</strong></span> <span class='ocrx_word' id='word_1_14' title='bbox 222 450 385 516; x_wconf 78' lang='lat' dir='ltr'>Philocles</span> <span class='ocrx_word' id='word_1_15' title='bbox 408 450 695 536; x_wconf 81' lang='lat' dir='ltr'><strong>animadvertebat,</strong></span> <span class='ocrx_word' id='word_1_16' title='bbox 718 456 828 517; x_wconf 87' lang='lat' dir='ltr'><strong>tamen</strong></span> <span class='ocrx_word' id='word_1_17' title='bbox 850 454 1019 536; x_wconf 88' lang='lat' dir='ltr'><strong>postulata</strong></span> <span class='ocrx_word' id='word_1_18' title='bbox 1040 455 1085 520; x_wconf 81' lang='lat' dir='ltr'><strong>la·</strong></span> 
     </span>
     <span class='ocr_line' id='line_1_4' title="bbox 74 538 1085 626; baseline 0.002 -21"><span class='ocrx_word' id='word_1_19' title='bbox 74 561 147 605; x_wconf 88' lang='lat' dir='ltr'><strong>cere</strong></span> <span class='ocrx_word' id='word_1_20' title='bbox 169 539 287 623; x_wconf 88' lang='lat' dir='ltr'><strong>noluit,</strong></span> <span class='ocrx_word' id='word_1_21' title='bbox 310 538 397 622; x_wconf 91' lang='lat' dir='ltr'><strong>quod</strong></span> <span class='ocrx_word' id='word_1_22' title='bbox 420 539 583 604; x_wconf 86' lang='lat' dir='ltr'><strong>sentiebat</strong></span> <span class='ocrx_word' id='word_1_23' title='bbox 606 561 640 604; x_wconf 87' lang='lat' dir='ltr'><strong>se</strong></span> <span class='ocrx_word' id='word_1_24' title='bbox 663 538 832 606; x_wconf 74' lang='lat' dir='ltr'><strong>Alcibiade</strong></span> <span class='ocrx_word' id='word_1_25' title='bbox 860 545 991 626; x_wconf 90' lang='lat' dir='ltr'><strong>recepto</strong></span> <span class='ocrx_word' id='word_1_26' title='bbox 1016 544 1085 607; x_wconf 91' lang='lat' dir='ltr'><strong>nul-</strong></span> 
     </span>
     <span class='ocr_line' id='line_1_5' title="bbox 73 625 1085 714; baseline 0.002 -22"><span class='ocrx_word' id='word_1_27' title='bbox 73 628 138 692; x_wconf 86' lang='lat' dir='ltr'><strong>lius</strong></span> <span class='ocrx_word' id='word_1_28' title='bbox 162 627 326 694; x_wconf 67' lang='lat' dir='ltr'><strong>momenti,</strong></span> <span class='ocrx_word' id='word_1_29' title='bbox 344 625 429 710; x_wconf 90' lang='lat' dir='ltr'><strong>apud</strong></span> <span class='ocrx_word' id='word_1_30' title='bbox 452 627 630 692; x_wconf 85' lang='lat' dir='ltr'><strong>exercitum</strong></span> <span class='ocrx_word' id='word_1_31' title='bbox 652 627 799 693; x_wconf 86' lang='lat' dir='ltr'><strong>futurum</strong></span> <span class='ocrx_word' id='word_1_32' title='bbox 822 631 864 714; x_wconf 88' lang='lat' dir='ltr'><strong>et,</strong></span> <span class='ocrx_word' id='word_1_33' title='bbox 887 629 915 693; x_wconf 87' lang='lat' dir='ltr'><strong>si</strong></span> <span class='ocrx_word' id='word_1_34' title='bbox 939 629 1016 712; x_wconf 91' lang='lat' dir='ltr'><strong>quid</strong></span> <span class='ocrx_word' id='word_1_35' title='bbox 1040 652 1085 695; x_wconf 89' lang='lat' dir='ltr'><strong>se·</strong></span> 
     </span>
     <span class='ocr_line' id='line_1_6' title="bbox 74 715 1085 803; baseline 0.001 -22"><span class='ocrx_word' id='word_1_36' title='bbox 74 715 173 781; x_wconf 89' lang='lat' dir='ltr'><strong>cundi</strong></span> <span class='ocrx_word' id='word_1_37' title='bbox 199 715 374 800; x_wconf 80' lang='lat' dir='ltr'><strong>evenisset,</strong></span> <span class='ocrx_word' id='word_1_38' title='bbox 399 715 525 779; x_wconf 89' lang='lat' dir='ltr'><strong>nullam</strong></span> <span class='ocrx_word' id='word_1_39' title='bbox 551 715 585 779; x_wconf 89' lang='lat' dir='ltr'><strong>in</strong></span> <span class='ocrx_word' id='word_1_40' title='bbox 609 737 646 780; x_wconf 88' lang='lat' dir='ltr'><strong>ea</strong></span> <span class='ocrx_word' id='word_1_41' title='bbox 669 737 703 780; x_wconf 88' lang='lat' dir='ltr'><strong>rc</strong></span> <span class='ocrx_word' id='word_1_42' title='bbox 732 738 824 781; x_wconf 85' lang='lat' dir='ltr'><strong>suam</strong></span> <span class='ocrx_word' id='word_1_43' title='bbox 851 720 979 802; x_wconf 87' lang='lat' dir='ltr'><strong>partem</strong></span> <span class='ocrx_word' id='word_1_44' title='bbox 1006 717 1085 803; x_wconf 88' lang='lat' dir='ltr'><strong>fore,</strong></span> 
     </span>
     <span class='ocr_line' id='line_1_7' title="bbox 73 803 1085 889; baseline 0.001 -20"><span class='ocrx_word' id='word_1_45' title='bbox 73 807 191 869; x_wconf 87' lang='lat' dir='ltr'><strong>contra</strong></span> <span class='ocrx_word' id='word_1_46' title='bbox 218 825 269 888; x_wconf 92' lang='lat' dir='ltr'><strong>ea,</strong></span> <span class='ocrx_word' id='word_1_47' title='bbox 298 803 327 868; x_wconf 88' lang='lat' dir='ltr'><strong>si</strong></span> <span class='ocrx_word' id='word_1_48' title='bbox 354 803 432 887; x_wconf 87' lang='lat' dir='ltr'><strong>quid</strong></span> <span class='ocrx_word' id='word_1_49' title='bbox 460 803 585 868; x_wconf 82' lang='lat' dir='ltr'><strong>advorsi</strong></span> <span class='ocrx_word' id='word_1_50' title='bbox 613 803 796 889; x_wconf 86' lang='lat' dir='ltr'><strong>accidisset,</strong></span> <span class='ocrx_word' id='word_1_51' title='bbox 827 827 861 870; x_wconf 90' lang='lat' dir='ltr'><strong>se</strong></span> <span class='ocrx_word' id='word_1_52' title='bbox 888 828 988 870; x_wconf 89' lang='lat' dir='ltr'><strong>unum</strong></span> <span class='ocrx_word' id='word_1_53' title='bbox 1016 806 1085 871; x_wconf 89' lang='lat' dir='ltr'><strong>eius</strong></span> 
     </span>
     <span class='ocr_line' id='line_1_8' title="bbox 73 890 1120 959; baseline -0.001 -2"><span class='ocrx_word' id='word_1_54' title='bbox 73 891 187 957; x_wconf 91' lang='lat' dir='ltr'><strong>delicti</strong></span> <span class='ocrx_word' id='word_1_55' title='bbox 218 891 366 956; x_wconf 85' lang='lat' dir='ltr'><strong>futurum</strong></span> <span class='ocrx_word' id='word_1_56' title='bbox 396 912 496 955; x_wconf 89' lang='lat' dir='ltr'><strong>reum.</strong></span> <span class='ocrx_word' id='word_1_57' title='bbox 542 892 582 954; x_wconf 92' lang='lat' dir='ltr'><strong>ab</strong></span> <span class='ocrx_word' id='word_1_58' title='bbox 612 890 676 957; x_wconf 94' lang='lat' dir='ltr'><strong>hoc</strong></span> <span class='ocrx_word' id='word_1_59' title='bbox 704 893 869 959; x_wconf 80' lang='lat' dir='ltr'><strong>discedens</strong></span> <span class='ocrx_word' id='word_1_60' title='bbox 899 892 1120 959; x_wconf 82' lang='lat' dir='ltr'><strong>Alcibiadess</strong></span> 
     </span>
     <span class='ocr_line' id='line_1_9' title="bbox 74 977 1085 1067; baseline 0.003 -23"><span class='ocrx_word' id='word_1_61' title='bbox 74 977 254 1064; x_wconf 76' lang='lat' dir='ltr'><strong>‘qnoniam&#39;</strong></span> <span class='ocrx_word' id='word_1_62' title='bbox 273 979 381 1063; x_wconf 89' lang='lat' dir='ltr'><strong>inquit</strong></span> <span class='ocrx_word' id='word_1_63' title='bbox 400 977 567 1044; x_wconf 75' lang='lat' dir='ltr'><strong>‘victoriae</strong></span> <span class='ocrx_word' id='word_1_64' title='bbox 584 980 710 1063; x_wconf 87' lang='lat' dir='ltr'><strong>patriae</strong></span> <span class='ocrx_word' id='word_1_65' title='bbox 729 1001 900 1067; x_wconf 81' lang='lat' dir='ltr'><strong>repugnas,</strong></span> <span class='ocrx_word' id='word_1_66' title='bbox 918 981 999 1046; x_wconf 92' lang='lat' dir='ltr'><strong>illud</strong></span> <span class='ocrx_word' id='word_1_67' title='bbox 1019 1004 1085 1047; x_wconf 92' lang='lat' dir='ltr'><strong>mo-</strong></span> 
     </span>
     <span class='ocr_line' id='line_1_10' title="bbox 73 1067 1085 1154; baseline 0.001 -21"><span class='ocrx_word' id='word_1_68' title='bbox 73 1089 146 1153; x_wconf 90' lang='lat' dir='ltr'><strong>neo,</strong></span> <span class='ocrx_word' id='word_1_69' title='bbox 163 1087 202 1132; x_wconf 82' lang='lat' dir='ltr'><strong>nc</strong></span> <span class='ocrx_word' id='word_1_70' title='bbox 219 1067 311 1132; x_wconf 87' lang='lat' dir='ltr'><strong>iuxta</strong></span> <span class='ocrx_word' id='word_1_71' title='bbox 328 1068 458 1132; x_wconf 87' lang='lat' dir='ltr'><strong>hostem</strong></span> <span class='ocrx_word' id='word_1_72' title='bbox 477 1072 585 1132; x_wconf 87' lang='lat' dir='ltr'><strong>castra</strong></span> <span class='ocrx_word' id='word_1_73' title='bbox 601 1067 722 1133; x_wconf 80' lang='lat' dir='ltr'><strong>habeas</strong></span> <span class='ocrx_word' id='word_1_74' title='bbox 740 1070 885 1135; x_wconf 85' lang='lat' dir='ltr'><strong>nautica:</strong></span> <span class='ocrx_word' id='word_1_75' title='bbox 905 1069 1085 1154; x_wconf 89' lang='lat' dir='ltr'><strong>periculum</strong></span> 
     </span>
     <span class='ocr_line' id='line_1_11' title="bbox 74 1154 1084 1240; baseline 0.003 -19"><span class='ocrx_word' id='word_1_76' title='bbox 74 1161 127 1222; x_wconf 86' lang='lat' dir='ltr'><strong>ost</strong></span> <span class='ocrx_word' id='word_1_77' title='bbox 153 1155 253 1240; x_wconf 91' lang='lat' dir='ltr'><strong>enim,</strong></span> <span class='ocrx_word' id='word_1_78' title='bbox 279 1177 320 1220; x_wconf 87' lang='lat' dir='ltr'><strong>no</strong></span> <span class='ocrx_word' id='word_1_79' title='bbox 342 1154 549 1220; x_wconf 83' lang='lat' dir='ltr'><strong>immodestia</strong></span> <span class='ocrx_word' id='word_1_80' title='bbox 576 1156 719 1221; x_wconf 85' lang='lat' dir='ltr'><strong>militum</strong></span> <span class='ocrx_word' id='word_1_81' title='bbox 745 1162 928 1223; x_wconf 80' lang='lat' dir='ltr'><strong>vestrorum</strong></span> <span class='ocrx_word' id='word_1_82' title='bbox 956 1159 1084 1224; x_wconf 77' lang='lat' dir='ltr'><strong>occasio</strong></span> 
     </span>
     <span class='ocr_line' id='line_1_12' title="bbox 74 1242 1120 1331; baseline 0 -21"><span class='ocrx_word' id='word_1_83' title='bbox 74 1245 170 1310; x_wconf 87' lang='lat' dir='ltr'><strong>detur</strong></span> <span class='ocrx_word' id='word_1_84' title='bbox 197 1242 365 1328; x_wconf 82' lang='lat' dir='ltr'><strong>Lysandro</strong></span> <span class='ocrx_word' id='word_1_85' title='bbox 394 1244 496 1308; x_wconf 83' lang='lat' dir='ltr'><strong>vestri</strong></span> <span class='ocrx_word' id='word_1_86' title='bbox 525 1245 727 1328; x_wconf 91' lang='lat' dir='ltr'><strong>opprimendi</strong></span> <span class='ocrx_word' id='word_1_87' title='bbox 754 1246 935 1312; x_wconf 85' lang='lat' dir='ltr'><strong>exercitus&#39;.</strong></span> <span class='ocrx_word' id='word_1_88' title='bbox 980 1262 1120 1331; x_wconf 86' lang='lat' dir='ltr'><strong>nequeo</strong></span> 
     </span>
     <span class='ocr_line' id='line_1_13' title="bbox 74 1330 1085 1420; baseline 0.003 -23"><span class='ocrx_word' id='word_1_89' title='bbox 74 1354 114 1397; x_wconf 87' lang='lat' dir='ltr'><strong>oa</strong></span> <span class='ocrx_word' id='word_1_90' title='bbox 136 1353 189 1397; x_wconf 89' lang='lat' dir='ltr'><strong>res</strong></span> <span class='ocrx_word' id='word_1_91' title='bbox 211 1331 306 1397; x_wconf 88' lang='lat' dir='ltr'><strong>illum</strong></span> <span class='ocrx_word' id='word_1_92' title='bbox 327 1330 453 1397; x_wconf 87' lang='lat' dir='ltr'><strong>fefellit.</strong></span> <span class='ocrx_word' id='word_1_93' title='bbox 497 1353 574 1396; x_wconf 90' lang='lat' dir='ltr'><strong>nam</strong></span> <span class='ocrx_word' id='word_1_94' title='bbox 596 1332 776 1418; x_wconf 84' lang='lat' dir='ltr'><strong>Lysander,</strong></span> <span class='ocrx_word' id='word_1_95' title='bbox 799 1355 873 1399; x_wconf 89' lang='lat' dir='ltr'><strong>cum</strong></span> <span class='ocrx_word' id='word_1_96' title='bbox 895 1356 953 1417; x_wconf 90' lang='lat' dir='ltr'><strong>per</strong></span> <span class='ocrx_word' id='word_1_97' title='bbox 976 1357 1085 1420; x_wconf 90' lang='lat' dir='ltr'><strong>specu-</strong></span> 
     </span>
     <span class='ocr_line' id='line_1_14' title="bbox 73 1419 1086 1505; baseline 0.004 -22"><span class='ocrx_word' id='word_1_98' title='bbox 73 1420 198 1487; x_wconf 75' lang='lat' dir='ltr'><strong>latoras</strong></span> <span class='ocrx_word' id='word_1_99' title='bbox 226 1420 439 1504; x_wconf 87' lang='lat' dir='ltr'><strong>comperisset</strong></span> <span class='ocrx_word' id='word_1_100' title='bbox 465 1420 600 1505; x_wconf 83' lang='lat' dir='ltr'><strong>vulgum</strong></span> <span class='ocrx_word' id='word_1_101' title='bbox 623 1419 873 1486; x_wconf 87' lang='lat' dir='ltr'><strong>Atheniensium</strong></span> <span class='ocrx_word' id='word_1_102' title='bbox 902 1423 938 1486; x_wconf 92' lang='lat' dir='ltr'><strong>in</strong></span> <span class='ocrx_word' id='word_1_103' title='bbox 964 1427 1086 1487; x_wconf 88' lang='lat' dir='ltr'><strong>terram</strong></span> 
     </span>
     <span class='ocr_line' id='line_1_15' title="bbox 72 1507 1086 1594; baseline 0.001 -21"><span class='ocrx_word' id='word_1_104' title='bbox 72 1507 267 1593; x_wconf 89' lang='lat' dir='ltr'><strong>praedatum</strong></span> <span class='ocrx_word' id='word_1_105' title='bbox 284 1508 389 1572; x_wconf 87' lang='lat' dir='ltr'><strong>exisse</strong></span> <span class='ocrx_word' id='word_1_106' title='bbox 406 1529 568 1591; x_wconf 85' lang='lat' dir='ltr'><strong>navesque</strong></span> <span class='ocrx_word' id='word_1_107' title='bbox 586 1529 687 1590; x_wconf 89' lang='lat' dir='ltr'><strong>paene</strong></span> <span class='ocrx_word' id='word_1_108' title='bbox 710 1509 822 1573; x_wconf 88' lang='lat' dir='ltr'><strong>inanes</strong></span> <span class='ocrx_word' id='word_1_109' title='bbox 843 1509 983 1594; x_wconf 87' lang='lat' dir='ltr'><strong>relictas,</strong></span> <span class='ocrx_word' id='word_1_110' title='bbox 1006 1514 1086 1574; x_wconf 90' lang='lat' dir='ltr'><strong>tem·</strong></span> 
     </span>
     <span class='ocr_line' id='line_1_16' title="bbox 74 1595 1085 1681; baseline 0 -20"><span class='ocrx_word' id='word_1_111' title='bbox 74 1617 137 1680; x_wconf 87' lang='lat' dir='ltr'><strong>pus</strong></span> <span class='ocrx_word' id='word_1_112' title='bbox 164 1597 213 1661; x_wconf 91' lang='lat' dir='ltr'><strong>rei</strong></span> <span class='ocrx_word' id='word_1_113' title='bbox 239 1596 398 1681; x_wconf 81' lang='lat' dir='ltr'><strong>gerendas</strong></span> <span class='ocrx_word' id='word_1_114' title='bbox 423 1617 491 1660; x_wconf 93' lang='lat' dir='ltr'><strong>non</strong></span> <span class='ocrx_word' id='word_1_115' title='bbox 520 1595 646 1660; x_wconf 88' lang='lat' dir='ltr'><strong>dimisit</strong></span> <span class='ocrx_word' id='word_1_116' title='bbox 673 1617 775 1678; x_wconf 88' lang='lat' dir='ltr'><strong>eoque</strong></span> <span class='ocrx_word' id='word_1_117' title='bbox 807 1597 932 1679; x_wconf 86' lang='lat' dir='ltr'><strong>impetu</strong></span> <span class='ocrx_word' id='word_1_118' title='bbox 963 1598 1085 1661; x_wconf 88' lang='lat' dir='ltr'><strong>bellum</strong></span> 
     </span>
     <span class='ocr_line' id='line_1_17' title="bbox 74 1685 336 1750; baseline -0.008 -1"><span class='ocrx_word' id='word_1_119' title='bbox 74 1688 185 1750; x_wconf 89' lang='lat' dir='ltr'><strong>totum</strong></span> <span class='ocrx_word' id='word_1_120' title='bbox 207 1685 336 1749; x_wconf 86' lang='lat' dir='ltr'><strong>delevit.</strong></span> 
     </span>
    </p>

    <p class='ocr_par' dir='ltr' id='par_1_3' title="bbox 73 1771 1124 2455">
     <span class='ocr_line' id='line_1_18' title="bbox 163 1771 1124 1857; baseline 0.002 -21"><span class='ocrx_word' id='word_1_121' title='bbox 163 1771 211 1837; x_wconf 92' lang='lat' dir='ltr'><strong>At</strong></span> <span class='ocrx_word' id='word_1_122' title='bbox 229 1771 424 1857; x_wconf 78' lang='lat' dir='ltr'><strong>Alcibiades,</strong></span> <span class='ocrx_word' id='word_1_123' title='bbox 442 1772 538 1837; x_wconf 78' lang='lat' dir='ltr'><strong>victis</strong></span> <span class='ocrx_word' id='word_1_124' title='bbox 553 1771 808 1838; x_wconf 79' lang='lat' dir='ltr'><strong>Atheniensibus</strong></span> <span class='ocrx_word' id='word_1_125' title='bbox 827 1793 894 1836; x_wconf 92' lang='lat' dir='ltr'><strong>non</strong></span> <span class='ocrx_word' id='word_1_126' title='bbox 912 1772 993 1837; x_wconf 87' lang='lat' dir='ltr'><strong>satis</strong></span> <span class='ocrx_word' id='word_1_127' title='bbox 1013 1776 1087 1837; x_wconf 88' lang='lat' dir='ltr'><strong>tuta</strong></span> <span class='ocrx_word' id='word_1_128' title='bbox 1104 1773 1124 1838; x_wconf 86' lang='lat'>9</span> 
     </span>
     <span class='ocr_line' id='line_1_19' title="bbox 74 1860 1085 1945; baseline -0.001 -18"><span class='ocrx_word' id='word_1_129' title='bbox 74 1861 188 1927; x_wconf 85' lang='lat' dir='ltr'><strong>cadem</strong></span> <span class='ocrx_word' id='word_1_130' title='bbox 215 1861 287 1925; x_wconf 91' lang='lat' dir='ltr'><strong>loca</strong></span> <span class='ocrx_word' id='word_1_131' title='bbox 315 1860 378 1924; x_wconf 89' lang='lat' dir='ltr'><strong>sibi</strong></span> <span class='ocrx_word' id='word_1_132' title='bbox 406 1860 583 1945; x_wconf 87' lang='lat' dir='ltr'><strong>arbitrans,</strong></span> <span class='ocrx_word' id='word_1_133' title='bbox 611 1862 742 1945; x_wconf 82' lang='lat' dir='ltr'><strong>penitus</strong></span> <span class='ocrx_word' id='word_1_134' title='bbox 770 1861 806 1926; x_wconf 93' lang='lat' dir='ltr'><strong>in</strong></span> <span class='ocrx_word' id='word_1_135' title='bbox 832 1860 1023 1926; x_wconf 81' lang='lat' dir='ltr'><strong>Thraeciam</strong></span> <span class='ocrx_word' id='word_1_136' title='bbox 1051 1883 1085 1926; x_wconf 89' lang='lat' dir='ltr'><strong>se</strong></span> 
     </span>
     <span class='ocr_line' id='line_1_20' title="bbox 75 1947 1085 2033; baseline -0.002 -18"><span class='ocrx_word' id='word_1_137' title='bbox 75 1970 176 2033; x_wconf 87' lang='lat' dir='ltr'><strong>supra</strong></span> <span class='ocrx_word' id='word_1_138' title='bbox 192 1947 426 2032; x_wconf 76' lang='lat' dir='ltr'><strong>Propontidem</strong></span> <span class='ocrx_word' id='word_1_139' title='bbox 444 1948 578 2032; x_wconf 84' lang='lat' dir='ltr'><strong>abdidit,</strong></span> <span class='ocrx_word' id='word_1_140' title='bbox 601 1971 734 2033; x_wconf 87' lang='lat' dir='ltr'><strong>sperans</strong></span> <span class='ocrx_word' id='word_1_141' title='bbox 753 1950 800 2013; x_wconf 92' lang='lat' dir='ltr'><strong>ibi</strong></span> <span class='ocrx_word' id='word_1_142' title='bbox 819 1949 974 2020; x_wconf 85' lang='lat' dir='ltr'><strong>facillime</strong></span> <span class='ocrx_word' id='word_1_143' title='bbox 994 1972 1085 2014; x_wconf 89' lang='lat' dir='ltr'><strong>suam</strong></span> 
     </span>
     <span class='ocr_line' id='line_1_21' title="bbox 73 2036 1120 2124; baseline 0.002 -22"><span class='ocrx_word' id='word_1_144' title='bbox 73 2038 242 2103; x_wconf 85' lang='lat' dir='ltr'><strong>fortunam</strong></span> <span class='ocrx_word' id='word_1_145' title='bbox 257 2037 361 2102; x_wconf 90' lang='lat' dir='ltr'><strong>occuli</strong></span> <span class='ocrx_word' id='word_1_146' title='bbox 378 2057 484 2119; x_wconf 69' lang='lat' dir='ltr'><strong>posse,</strong></span> <span class='ocrx_word' id='word_1_147' title='bbox 511 2036 603 2102; x_wconf 87' lang='lat' dir='ltr'><strong>falso.</strong></span> <span class='ocrx_word' id='word_1_148' title='bbox 632 2059 709 2102; x_wconf 90' lang='lat' dir='ltr'><strong>nam</strong></span> <span class='ocrx_word' id='word_1_149' title='bbox 722 2037 892 2124; x_wconf 79' lang='lat' dir='ltr'><strong>Thraeces,</strong></span> <span class='ocrx_word' id='word_1_150' title='bbox 909 2042 1085 2122; x_wconf 74' lang='lat' dir='ltr'><strong>postquam</strong></span> <span class='ocrx_word' id='word_1_151' title='bbox 1104 2053 1120 2103; x_wconf 78' lang='lat'>2</span> 
     </span>
     <span class='ocr_line' id='line_1_22' title="bbox 75 2126 1085 2211; baseline 0.002 -21"><span class='ocrx_word' id='word_1_152' title='bbox 75 2147 150 2190; x_wconf 88' lang='lat' dir='ltr'><strong>eum</strong></span> <span class='ocrx_word' id='word_1_153' title='bbox 178 2146 252 2190; x_wconf 88' lang='lat' dir='ltr'><strong>cum</strong></span> <span class='ocrx_word' id='word_1_154' title='bbox 278 2144 399 2210; x_wconf 81' lang='lat' dir='ltr'><strong>magna</strong></span> <span class='ocrx_word' id='word_1_155' title='bbox 424 2126 567 2208; x_wconf 53' lang='lat' dir='ltr'><strong>pecunia*</strong></span> <span class='ocrx_word' id='word_1_156' title='bbox 588 2126 714 2191; x_wconf 86' lang='lat' dir='ltr'><strong>venisse</strong></span> <span class='ocrx_word' id='word_1_157' title='bbox 738 2131 921 2211; x_wconf 87' lang='lat' dir='ltr'><strong>senserunt,</strong></span> <span class='ocrx_word' id='word_1_158' title='bbox 950 2127 1085 2193; x_wconf 87' lang='lat' dir='ltr'><strong>insidias</strong></span> 
     </span>
     <span class='ocr_line' id='line_1_23' title="bbox 74 2214 1086 2299; baseline 0.002 -21"><span class='ocrx_word' id='word_1_159' title='bbox 74 2214 223 2279; x_wconf 85' lang='lat' dir='ltr'><strong>lecerunt</strong></span> <span class='ocrx_word' id='word_1_160' title='bbox 259 2234 360 2296; x_wconf 91' lang='lat' dir='ltr'><strong>eaque</strong></span> <span class='ocrx_word' id='word_1_161' title='bbox 393 2233 474 2296; x_wconf 86' lang='lat' dir='ltr'><strong>quae</strong></span> <span class='ocrx_word' id='word_1_162' title='bbox 507 2217 698 2297; x_wconf 74' lang='lat' dir='ltr'><strong>apportarat</strong></span> <span class='ocrx_word' id='word_1_163' title='bbox 727 2215 946 2299; x_wconf 88' lang='lat' dir='ltr'><strong>abstulerunt,</strong></span> <span class='ocrx_word' id='word_1_164' title='bbox 977 2216 1086 2298; x_wconf 91' lang='lat' dir='ltr'><strong>ipsum</strong></span> 
     </span>
     <span class='ocr_line' id='line_1_24' title="bbox 74 2301 1120 2455; baseline 0.001 -89"><span class='ocrx_word' id='word_1_165' title='bbox 74 2323 192 2455; x_wconf 47' lang='grc' dir='ltr'><strong>ἓξὲξ</strong></span> <span class='ocrx_word' id='word_1_166' title='bbox 212 2304 488 2453; x_wconf 71' lang='lat' dir='ltr'><strong>nonGpotuerunt.</strong></span> <span class='ocrx_word' id='word_1_167' title='bbox 523 2301 579 2452; x_wconf 64' lang='lat' dir='ltr'><strong>isse</strong></span> <span class='ocrx_word' id='word_1_168' title='bbox 599 2322 736 2452; x_wconf 53' lang='lat' dir='ltr'><strong>carpentai</strong></span> <span class='ocrx_word' id='word_1_169' title='bbox 749 2302 876 2451; x_wconf 62' lang='lat' dir='ltr'><strong>nullpm</strong></span> <span class='ocrx_word' id='word_1_170' title='bbox 894 2302 1003 2452; x_wconf 58' lang='lat' dir='ltr'><strong>lpcum</strong></span> <span class='ocrx_word' id='word_1_171' title='bbox 1023 2304 1086 2402; x_wconf 82' lang='lat' dir='ltr'><strong>sibi</strong></span> <span class='ocrx_word' id='word_1_172' title='bbox 1104 2319 1120 2368; x_wconf 78' lang='lat' dir='ltr'><strong>a</strong></span> 
     </span>
    </p>

    <p class='ocr_par' dir='ltr' id='par_1_4' title="bbox 74 2410 1121 3624">
     <span class='ocr_line' id='line_1_25' title="bbox 213 2410 1086 2473; baseline -0.001 -19"><span class='ocrx_word' id='word_1_173' title='bbox 213 2411 249 2454; x_wconf 88' lang='lat' dir='ltr'><strong>m</strong></span> <span class='ocrx_word' id='word_1_174' title='bbox 306 2410 413 2454; x_wconf 81' lang='lat' dir='ltr'><strong>reema</strong></span> <span class='ocrx_word' id='word_1_175' title='bbox 443 2411 577 2473; x_wconf 86' lang='lat' dir='ltr'><strong>proper</strong></span> <span class='ocrx_word' id='word_1_176' title='bbox 608 2410 651 2471; x_wconf 91' lang='lat' dir='ltr'><strong>po</strong></span> <span class='ocrx_word' id='word_1_177' title='bbox 669 2410 710 2452; x_wconf 90' lang='lat' dir='ltr'><strong>en</strong></span> <span class='ocrx_word' id='word_1_178' title='bbox 738 2410 791 2452; x_wconf 90' lang='lat' dir='ltr'><strong>am</strong></span> <span class='ocrx_word' id='word_1_179' title='bbox 847 2410 902 2453; x_wconf 90' lang='lat' dir='ltr'><strong>ace</strong></span> <span class='ocrx_word' id='word_1_180' title='bbox 925 2411 1086 2453; x_wconf 89' lang='lat' dir='ltr'><strong>acmomo·</strong></span> 
     </span>
     <span class='ocr_line' id='line_1_26' title="bbox 74 2475 1085 2560; baseline -0.001 -18"><span class='ocrx_word' id='word_1_181' title='bbox 74 2500 149 2543; x_wconf 88' lang='lat' dir='ltr'><strong>rum</strong></span> <span class='ocrx_word' id='word_1_182' title='bbox 168 2477 208 2543; x_wconf 90' lang='lat' dir='ltr'><strong>ad</strong></span> <span class='ocrx_word' id='word_1_183' title='bbox 227 2476 474 2542; x_wconf 87' lang='lat' dir='ltr'><strong>Pharnabazum</strong></span> <span class='ocrx_word' id='word_1_184' title='bbox 491 2477 526 2541; x_wconf 91' lang='lat' dir='ltr'><strong>in</strong></span> <span class='ocrx_word' id='word_1_185' title='bbox 539 2475 653 2541; x_wconf 83' lang='lat' dir='ltr'><strong>Asiam</strong></span> <span class='ocrx_word' id='word_1_186' title='bbox 672 2476 817 2560; x_wconf 89' lang='lat' dir='ltr'><strong>transiit,</strong></span> <span class='ocrx_word' id='word_1_187' title='bbox 841 2498 937 2560; x_wconf 87' lang='lat' dir='ltr'><strong>quem</strong></span> <span class='ocrx_word' id='word_1_188' title='bbox 956 2477 1085 2559; x_wconf 91' lang='lat' dir='ltr'><strong>quidem</strong></span> 
     </span>
     <span class='ocr_line' id='line_1_27' title="bbox 76 2565 1086 2651; baseline -0.002 -21"><span class='ocrx_word' id='word_1_189' title='bbox 76 2567 155 2632; x_wconf 88' lang='lat' dir='ltr'><strong>adeo</strong></span> <span class='ocrx_word' id='word_1_190' title='bbox 180 2588 239 2631; x_wconf 88' lang='lat' dir='ltr'><strong>sua</strong></span> <span class='ocrx_word' id='word_1_191' title='bbox 261 2566 348 2651; x_wconf 89' lang='lat' dir='ltr'><strong>cepit</strong></span> <span class='ocrx_word' id='word_1_192' title='bbox 370 2566 587 2648; x_wconf 87' lang='lat' dir='ltr'><strong>humanitate,</strong></span> <span class='ocrx_word' id='word_1_193' title='bbox 610 2568 647 2630; x_wconf 91' lang='lat' dir='ltr'><strong>ut</strong></span> <span class='ocrx_word' id='word_1_194' title='bbox 669 2587 743 2629; x_wconf 91' lang='lat' dir='ltr'><strong>eum</strong></span> <span class='ocrx_word' id='word_1_195' title='bbox 765 2586 860 2629; x_wconf 89' lang='lat' dir='ltr'><strong>nemo</strong></span> <span class='ocrx_word' id='word_1_196' title='bbox 883 2565 918 2629; x_wconf 91' lang='lat' dir='ltr'><strong>in</strong></span> <span class='ocrx_word' id='word_1_197' title='bbox 941 2565 1086 2628; x_wconf 88' lang='lat' dir='ltr'><strong>amicitia</strong></span> 
     </span>
     <span class='ocr_line' id='line_1_28' title="bbox 75 2651 1086 2738; baseline -0.002 -19"><span class='ocrx_word' id='word_1_198' title='bbox 75 2654 289 2720; x_wconf 88' lang='lat' dir='ltr'><strong>antecederet.</strong></span> <span class='ocrx_word' id='word_1_199' title='bbox 322 2675 462 2737; x_wconf 89' lang='lat' dir='ltr'><strong>namque</strong></span> <span class='ocrx_word' id='word_1_200' title='bbox 486 2654 516 2718; x_wconf 90' lang='lat' dir='ltr'><strong>ei</strong></span> <span class='ocrx_word' id='word_1_201' title='bbox 539 2651 699 2736; x_wconf 82' lang='lat' dir='ltr'><strong>Grynium</strong></span> <span class='ocrx_word' id='word_1_202' title='bbox 721 2653 861 2735; x_wconf 88' lang='lat' dir='ltr'><strong>dederat,</strong></span> <span class='ocrx_word' id='word_1_203' title='bbox 883 2653 918 2717; x_wconf 91' lang='lat' dir='ltr'><strong>in</strong></span> <span class='ocrx_word' id='word_1_204' title='bbox 940 2651 1086 2738; x_wconf 82' lang='lat' dir='ltr'><strong>Phrygia</strong></span> 
     </span>
     <span class='ocr_line' id='line_1_29' title="bbox 75 2742 1086 2828; baseline -0.002 -20"><span class='ocrx_word' id='word_1_205' title='bbox 75 2746 230 2827; x_wconf 85' lang='lat' dir='ltr'><strong>castrum,</strong></span> <span class='ocrx_word' id='word_1_206' title='bbox 253 2764 293 2807; x_wconf 85' lang='lat' dir='ltr'><strong>ex</strong></span> <span class='ocrx_word' id='word_1_207' title='bbox 314 2763 380 2825; x_wconf 89' lang='lat' dir='ltr'><strong>quo</strong></span> <span class='ocrx_word' id='word_1_208' title='bbox 403 2742 631 2826; x_wconf 87' lang='lat' dir='ltr'><strong>quinquagena</strong></span> <span class='ocrx_word' id='word_1_209' title='bbox 651 2742 776 2806; x_wconf 87' lang='lat' dir='ltr'><strong>talenta</strong></span> <span class='ocrx_word' id='word_1_210' title='bbox 793 2742 963 2828; x_wconf 81' lang='lat' dir='ltr'><strong>vectigalis</strong></span> <span class='ocrx_word' id='word_1_211' title='bbox 984 2742 1086 2826; x_wconf 89' lang='lat' dir='ltr'><strong>capie-</strong></span> 
     </span>
     <span class='ocr_line' id='line_1_30' title="bbox 74 2828 1121 2916; baseline 0.001 -20"><span class='ocrx_word' id='word_1_212' title='bbox 74 2832 141 2896; x_wconf 87' lang='lat' dir='ltr'><strong>bat.</strong></span> <span class='ocrx_word' id='word_1_213' title='bbox 176 2851 242 2914; x_wconf 90' lang='lat' dir='ltr'><strong>qua</strong></span> <span class='ocrx_word' id='word_1_214' title='bbox 258 2830 391 2894; x_wconf 88' lang='lat' dir='ltr'><strong>fortuna</strong></span> <span class='ocrx_word' id='word_1_215' title='bbox 408 2828 594 2895; x_wconf 84' lang='lat' dir='ltr'><strong>Alcibiades</strong></span> <span class='ocrx_word' id='word_1_216' title='bbox 616 2852 683 2895; x_wconf 90' lang='lat' dir='ltr'><strong>non</strong></span> <span class='ocrx_word' id='word_1_217' title='bbox 701 2835 772 2894; x_wconf 87' lang='lat' dir='ltr'><strong>erat</strong></span> <span class='ocrx_word' id='word_1_218' title='bbox 790 2835 963 2896; x_wconf 87' lang='lat' dir='ltr'><strong>contentus</strong></span> <span class='ocrx_word' id='word_1_219' title='bbox 981 2853 1085 2916; x_wconf 88' lang='lat' dir='ltr'><strong>neque</strong></span> <span class='ocrx_word' id='word_1_220' title='bbox 1103 2849 1121 2897; x_wconf 77' lang='lat'>4</span> 
     </span>
     <span class='ocr_line' id='line_1_31' title="bbox 74 2917 1084 3005; baseline -0.001 -21"><span class='ocrx_word' id='word_1_221' title='bbox 74 2918 224 2984; x_wconf 87' lang='lat' dir='ltr'><strong>Athenas</strong></span> <span class='ocrx_word' id='word_1_222' title='bbox 256 2918 360 2983; x_wconf 88' lang='lat' dir='ltr'><strong>victas</strong></span> <span class='ocrx_word' id='word_1_223' title='bbox 391 2917 654 2983; x_wconf 86' lang='lat' dir='ltr'><strong>Lacedaemoniis</strong></span> <span class='ocrx_word' id='word_1_224' title='bbox 687 2919 808 2983; x_wconf 81' lang='lat' dir='ltr'><strong>servire</strong></span> <span class='ocrx_word' id='word_1_225' title='bbox 841 2923 972 3005; x_wconf 86' lang='lat' dir='ltr'><strong>poterat</strong></span> <span class='ocrx_word' id='word_1_226' title='bbox 1005 2921 1084 3005; x_wconf 88' lang='lat' dir='ltr'><strong>pati.</strong></span> 
     </span>
     <span class='ocr_line' id='line_1_32' title="bbox 74 3006 1085 3094; baseline 0.003 -22"><span class='ocrx_word' id='word_1_227' title='bbox 74 3009 187 3092; x_wconf 84' lang='lat' dir='ltr'><strong>itaque</strong></span> <span class='ocrx_word' id='word_1_228' title='bbox 217 3006 258 3072; x_wconf 88' lang='lat' dir='ltr'><strong>ad</strong></span> <span class='ocrx_word' id='word_1_229' title='bbox 286 3006 427 3090; x_wconf 86' lang='lat' dir='ltr'><strong>patriam</strong></span> <span class='ocrx_word' id='word_1_230' title='bbox 456 3007 657 3072; x_wconf 87' lang='lat' dir='ltr'><strong>liberandam</strong></span> <span class='ocrx_word' id='word_1_231' title='bbox 685 3007 773 3072; x_wconf 90' lang='lat' dir='ltr'><strong>omni</strong></span> <span class='ocrx_word' id='word_1_232' title='bbox 804 3007 971 3075; x_wconf 88' lang='lat' dir='ltr'><strong>ferebatur</strong></span> <span class='ocrx_word' id='word_1_233' title='bbox 999 3009 1085 3094; x_wconf 81' lang='lat' dir='ltr'><strong>cogi-</strong></span> 
     </span>
     <span class='ocr_line' id='line_1_33' title="bbox 75 3094 1119 3181; baseline -0.001 -21"><span class='ocrx_word' id='word_1_234' title='bbox 75 3095 211 3160; x_wconf 77' lang='lat' dir='ltr'><strong>tatione.</strong></span> <span class='ocrx_word' id='word_1_235' title='bbox 256 3095 313 3160; x_wconf 91' lang='lat' dir='ltr'><strong>sed</strong></span> <span class='ocrx_word' id='word_1_236' title='bbox 340 3094 472 3159; x_wconf 83' lang='lat' dir='ltr'><strong>videbat</strong></span> <span class='ocrx_word' id='word_1_237' title='bbox 503 3095 537 3159; x_wconf 92' lang='lat' dir='ltr'><strong>id</strong></span> <span class='ocrx_word' id='word_1_238' title='bbox 564 3096 635 3160; x_wconf 87' lang='lat' dir='ltr'><strong>sina</strong></span> <span class='ocrx_word' id='word_1_239' title='bbox 662 3117 738 3181; x_wconf 87' lang='lat' dir='ltr'><strong>rege</strong></span> <span class='ocrx_word' id='word_1_240' title='bbox 766 3094 864 3161; x_wconf 89' lang='lat' dir='ltr'><strong>Perse</strong></span> <span class='ocrx_word' id='word_1_241' title='bbox 891 3118 958 3163; x_wconf 90' lang='lat' dir='ltr'><strong>non</strong></span> <span class='ocrx_word' id='word_1_242' title='bbox 988 3110 1119 3179; x_wconf 79' lang='lat' dir='ltr'><strong>posses</strong></span> 
     </span>
     <span class='ocr_line' id='line_1_34' title="bbox 74 3183 1084 3269; baseline -0.004 -19"><span class='ocrx_word' id='word_1_243' title='bbox 74 3184 154 3267; x_wconf 91' lang='lat' dir='ltr'><strong>fieri,</strong></span> <span class='ocrx_word' id='word_1_244' title='bbox 176 3184 314 3267; x_wconf 88' lang='lat' dir='ltr'><strong>ideoque</strong></span> <span class='ocrx_word' id='word_1_245' title='bbox 337 3205 411 3248; x_wconf 90' lang='lat' dir='ltr'><strong>eum</strong></span> <span class='ocrx_word' id='word_1_246' title='bbox 430 3183 569 3248; x_wconf 89' lang='lat' dir='ltr'><strong>amicum</strong></span> <span class='ocrx_word' id='word_1_247' title='bbox 587 3183 651 3247; x_wconf 88' lang='lat' dir='ltr'><strong>sibi</strong></span> <span class='ocrx_word' id='word_1_248' title='bbox 670 3184 821 3268; x_wconf 88' lang='lat' dir='ltr'><strong>cupiebat</strong></span> <span class='ocrx_word' id='word_1_249' title='bbox 835 3184 967 3269; x_wconf 83' lang='lat' dir='ltr'><strong>adiungi</strong></span> <span class='ocrx_word' id='word_1_250' title='bbox 980 3203 1084 3266; x_wconf 87' lang='lat' dir='ltr'><strong>neque</strong></span> 
     </span>
     <span class='ocr_line' id='line_1_35' title="bbox 75 3271 1084 3356; baseline -0.003 -19"><span class='ocrx_word' id='word_1_251' title='bbox 75 3273 249 3338; x_wconf 85' lang='lat' dir='ltr'><strong>dubitabat</strong></span> <span class='ocrx_word' id='word_1_252' title='bbox 271 3271 366 3336; x_wconf 87' lang='lat' dir='ltr'><strong>facile</strong></span> <span class='ocrx_word' id='word_1_253' title='bbox 389 3293 424 3336; x_wconf 88' lang='lat' dir='ltr'><strong>se</strong></span> <span class='ocrx_word' id='word_1_254' title='bbox 452 3275 713 3356; x_wconf 85' lang='lat' dir='ltr'><strong>consecuturum,</strong></span> <span class='ocrx_word' id='word_1_255' title='bbox 743 3273 771 3336; x_wconf 92' lang='lat' dir='ltr'><strong>si</strong></span> <span class='ocrx_word' id='word_1_256' title='bbox 801 3272 896 3336; x_wconf 92' lang='lat' dir='ltr'><strong>modo</strong></span> <span class='ocrx_word' id='word_1_257' title='bbox 920 3272 1084 3334; x_wconf 30' lang='lat' dir='ltr'><strong>eius‘oon·</strong></span> 
     </span>
     <span class='ocr_line' id='line_1_36' title="bbox 74 3357 1085 3444; baseline -0.004 -18"><span class='ocrx_word' id='word_1_258' title='bbox 74 3360 229 3426; x_wconf 86' lang='lat' dir='ltr'><strong>veniundi</strong></span> <span class='ocrx_word' id='word_1_259' title='bbox 241 3359 412 3425; x_wconf 86' lang='lat' dir='ltr'><strong>habuisset</strong></span> <span class='ocrx_word' id='word_1_260' title='bbox 429 3363 636 3444; x_wconf 88' lang='lat' dir='ltr'><strong>potestatem.</strong></span> <span class='ocrx_word' id='word_1_261' title='bbox 669 3381 746 3425; x_wconf 89' lang='lat' dir='ltr'><strong>nam</strong></span> <span class='ocrx_word' id='word_1_262' title='bbox 760 3358 882 3442; x_wconf 80' lang='lat' dir='ltr'><strong>Cyrum</strong></span> <span class='ocrx_word' id='word_1_263' title='bbox 900 3357 1036 3422; x_wconf 86' lang='lat' dir='ltr'><strong>fratrem</strong></span> <span class='ocrx_word' id='word_1_264' title='bbox 1054 3358 1085 3422; x_wconf 87' lang='lat' dir='ltr'><strong>oi</strong></span> 
     </span>
     <span class='ocr_line' id='line_1_37' title="bbox 74 3444 1083 3532; baseline -0.004 -18"><span class='ocrx_word' id='word_1_265' title='bbox 74 3449 199 3514; x_wconf 87' lang='lat' dir='ltr'><strong>bellum</strong></span> <span class='ocrx_word' id='word_1_266' title='bbox 212 3448 297 3514; x_wconf 87' lang='lat' dir='ltr'><strong>clam</strong></span> <span class='ocrx_word' id='word_1_267' title='bbox 310 3470 424 3532; x_wconf 88' lang='lat' dir='ltr'><strong>parare</strong></span> <span class='ocrx_word' id='word_1_268' title='bbox 433 3447 696 3513; x_wconf 89' lang='lat' dir='ltr'><strong>Lacedaemoniis</strong></span> <span class='ocrx_word' id='word_1_269' title='bbox 709 3444 935 3512; x_wconf 85' lang='lat' dir='ltr'><strong>adiuvantibus</strong></span> <span class='ocrx_word' id='word_1_270' title='bbox 946 3445 1083 3510; x_wconf 87' lang='lat' dir='ltr'><strong>sciebat:</strong></span> 
     </span>
     <span class='ocr_line' id='line_1_38' title="bbox 76 3532 1112 3624; baseline -0.004 -24"><span class='ocrx_word' id='word_1_271' title='bbox 76 3536 108 3602; x_wconf 94' lang='lat' dir='ltr'><strong>id</strong></span> <span class='ocrx_word' id='word_1_272' title='bbox 126 3537 155 3604; x_wconf 88' lang='lat' dir='ltr'><strong>si</strong></span> <span class='ocrx_word' id='word_1_273' title='bbox 174 3536 364 3621; x_wconf 87' lang='lat' dir='ltr'><strong>aperuisset,</strong></span> <span class='ocrx_word' id='word_1_274' title='bbox 382 3556 537 3624; x_wconf 81' lang='lat' dir='ltr'><strong>magnam</strong></span> <span class='ocrx_word' id='word_1_275' title='bbox 555 3558 591 3602; x_wconf 89' lang='lat' dir='ltr'><strong>se</strong></span> <span class='ocrx_word' id='word_1_276' title='bbox 608 3536 775 3603; x_wconf 84' lang='lat' dir='ltr'><strong>initurum</strong></span> <span class='ocrx_word' id='word_1_277' title='bbox 791 3532 944 3620; x_wconf 64' lang='lat' dir='ltr'><strong>gratiam</strong></span> <span class='ocrx_word' id='word_1_278' title='bbox 954 3532 1112 3594; x_wconf 47' lang='lat' dir='ltr'><strong>abbana&amp;-</strong></span> 
     </span>
    </p>
   </div>
   <div class='ocr_carea' id='block_1_3' title="bbox 0 0 1207 3922">
    <p class='ocr_par' dir='ltr' id='par_1_5' title="bbox 0 0 1207 3922">
     <span class='ocr_line' id='line_1_39' title="bbox 0 0 1207 3922; baseline 0 0"><span class='ocrx_word' id='word_1_279' title='bbox 0 0 1207 3922; x_wconf 95' lang='lat' dir='ltr'><strong> </strong></span> 
     </span>
    </p>
   </div>
  </div>
 </body>
</html>
