2400 3922
376 239 450 296 XIX.
470 240 639 298 PHOGION.
668 249 693 298 3.
712 248 737 297 4.
1023 245 1063 310 81

55 388 193 467 utraque
225 383 439 449 Macedonum
474 383 666 468 patrociniis
698 385 865 449 utebatur:
902 408 979 451 nam
1010 410 1065 472 po-

54 472 185 556 pulares
212 470 467 556 Polyperchonti
493 470 661 554 favebant,
689 472 864 555 optimates
893 495 967 538 cum
990 473 1065 540 Oas-

56 559 174 625 sandro
203 559 395 624 sentiebant.
440 558 573 623 interim
600 579 620 622 a
645 557 906 644 Polyperchonte
930 560 1100 630 Cassan-a

56 648 133 712 drus
147 646 338 712 Macedonia
351 646 464 731 pulsus
479 649 538 711 est.
570 667 635 728 quo
653 645 742 712 facto
761 648 901 732 populus
916 650 1065 733 superior

56 735 164 800 fectus
187 735 301 800 statim
324 735 420 800 duces
443 734 645 798 adversariae
668 733 821 800 factionis
843 736 959 820 capitis
978 737 1065 802 dam·

55 827 153 889 natos
171 823 279 907 patria
300 823 456 907 propulit,
478 823 513 887 in
531 821 578 888 eis
597 821 796 888 Phocionem
815 827 849 888 et
861 822 1066 890 Demetrium
1093 857 1096 864 ·

56 911 264 996 Phalercum,
294 911 396 994 deque
423 931 523 975 aare
550 910 678 996 legatos
706 911 747 975 ad
770 910 1066 997 Polyperchontem

57 999 159 1084 misit,
182 999 238 1082 qui
261 999 302 1063 ab
326 1020 364 1064 eo
386 1002 536 1082 peterent
557 1001 596 1062 ut
618 1020 677 1064 sua
700 999 830 1064 decreta
848 1001 1065 1066 confirmaret

55 1087 120 1153 huc
144 1087 256 1152 eodem
278 1085 443 1170 profectus
468 1089 519 1150 est
540 1084 694 1151 Phocion
729 1108 793 1170 quo
816 1091 855 1153 ut
871 1090 970 1173 venit,
994 1109 1100 1156 cau-e

57 1196 129 1241 sam
156 1174 240 1260 apud
267 1173 457 1259 Philippum
484 1193 594 1258 regem
621 1174 735 1257 verbo,
767 1197 802 1240 re
833 1177 905 1260 ipsa
935 1176 1065 1260 quidem
1169 1183 1170 1186 ’

57 1258 143 1348 apud
170 1262 465 1347 Polyperchontem
496 1261 604 1326 iussus
632 1266 683 1326 est
712 1262 832 1328 dicere:
867 1286 1007 1347 namque
1036 1266 1064 1329 is

57 1355 129 1416 tum
152 1350 238 1436 regis
261 1351 359 1414 rebus
381 1351 539 1432 praeerat.
584 1348 638 1412 hic
661 1349 702 1413 ab
725 1348 862 1435 Agnone
886 1357 1065 1437 accusatus,
1084 1370 1101 1418 4

57 1439 144 1522 quod
170 1437 323 1502 Piraeum
350 1435 508 1501 Nicanori
534 1435 745 1520 prodidisset,
773 1458 812 1501 ex
839 1440 968 1503 consilii
997 1462 1066 1504 sen·

56 1526 164 1592 tentia
190 1526 226 1590 in
253 1523 434 1589 custodiam
457 1523 621 1588 coniectus
645 1521 791 1587 Athenas
821 1523 978 1590 deductus
1007 1531 1066 1610 est,

56 1618 95 1680 nt
118 1613 167 1678 ibi
189 1611 228 1676 de
252 1633 290 1677 eo
313 1611 441 1697 legibus
464 1610 558 1675 fieret
582 1610 745 1675 iudicium.

146 1698 221 1764 Huc
242 1702 281 1765 ut
302 1702 495 1784 perventum
518 1701 579 1782 est,
601 1719 675 1763 cum
697 1701 832 1782 propter
854 1702 997 1762 aetatem
1014 1720 1067 1783 pe·
1084 1703 1107 1767 4

56 1790 152 1854 dibus
175 1787 241 1852 iam
262 1808 330 1852 non
352 1787 476 1852 valeret
497 1786 709 1870 vehiculoque
731 1789 933 1871 portaretur,
956 1788 1067 1873 magni

57 1896 233 1942 concursus
256 1879 333 1940 sunt
359 1874 453 1959 facti,
480 1895 554 1940 cum
581 1874 650 1959 alii,
678 1874 922 1940 reminiscentes
946 1875 1066 1940 veteris

57 1964 173 2047 famae,
197 1963 315 2027 aetatis
339 1963 585 2047 misererentur,
607 1962 741 2047 plurimi
763 1984 840 2028 vero
863 1963 914 2027 ira
937 1984 1067 2028 exacue-

58 2056 172 2117 rentur
193 2055 328 2135 propter
349 2050 544 2134 proditionis
568 2051 786 2134 suspicionem
810 2050 942 2133 [Piraei]
967 2051 1066 2116 maxi-

58 2159 173 2222 meque
207 2139 294 2222 quod
321 2137 473 2202 adversus
500 2137 614 2220 populi
640 2139 810 2203 commoda
829 2133 876 2202 in
899 2144 1066 2205 senectute

59 2229 206 2292 steterat.
252 2247 350 2309 quare
377 2246 418 2289 ne
443 2224 616 2308 perorandi
643 2225 773 2306 quidem
796 2226 826 2288 ei
849 2225 926 2290 data
949 2228 1000 2291 e'st
1021 2227 1101 2292 faa

59 2316 165 2381 cultas
188 2312 309 2379 dicenti
333 2333 464 2378 causam
486 2312 522 2375 in
538 2310 672 2375 iudicio:
694 2312 853 2396 legitimis
873 2312 1067 2394 quibusdam

60 2401 217 2469 confectis
240 2403 411 2466 damnatus
435 2399 575 2464 traditus
599 2403 650 2462 est
675 2397 918 2482 undecimriris,
948 2398 1066 2481 quibus

59 2492 100 2556 ad
133 2490 328 2574 supplicium
361 2509 451 2553 more
479 2486 729 2552 Atheniensium
760 2485 889 2570 publice
921 2485 1067 2550 damnati

59 2578 146 2644 tradi
169 2578 283 2643 solent.
328 2576 382 2642 hie
406 2596 479 2641 cum
506 2575 547 2639 ad
573 2578 713 2640 mortem
740 2574 924 2658 duceretur,
952 2574 1102 2640 obriuss

59 2667 89 2732 ei
116 2665 182 2731 fuit
207 2664 416 2749 Euphiletus,
449 2685 512 2746 quo
539 2662 745 2727 familiariter
772 2661 880 2726 fuerat
906 2683 993 2726 usus.
1038 2661 1067 2726 is

59 2775 134 2819 cnm
161 2753 334 2818 lacrimans
363 2751 498 2817 dixisset
524 2749 556 2816 ‘o
585 2772 682 2834 quam
713 2750 847 2836 indigna
878 2750 1068 2835 perpeteris,

59 2840 231 2907 Phocioni'
263 2840 339 2905 huic
366 2840 421 2904 ille
444 2838 491 2904 ‘at
512 2861 579 2904 non
606 2839 786 2922 inopinata'
809 2838 932 2924 inquit:
969 2837 1067 2904 ‘hunc

59 2930 147 2994 enim
165 2928 288 2993 exitum
304 2928 450 3012 plerique
465 2928 543 2993 clari
556 2927 619 2992 riri
631 2927 817 2993 habuerunt
829 2926 1067 2993 Athenienses?

58 3017 100 3081 in
111 3017 175 3082 hoc
193 3019 322 3081 tantum
339 3015 404 3081 fuit
423 3014 532 3080 odium
550 3015 779 3101 multitudinis,
800 3019 839 3080 ut
858 3037 954 3080 nemo
970 3036 1066 3080 ausus
1086 3031 1104 3080 a

59 3105 105 3170 sit
132 3127 207 3171 eum
232 3104 316 3169 liber
346 3103 491 3187 sepelire.
536 3103 646 3186 itaque
670 3125 690 3168 a
712 3103 814 3170 serris
839 3103 985 3188 sepultus
1009 3105 1067 3166 est.
