2400 3922
395 243 479 299 xxv.
498 242 662 299 Annuus.
692 249 733 298 rs.
754 250 795 299 rs.
1038 245 1098 309 111

93 409 190 453 scere.
235 387 315 453 fecit
342 388 404 452 hoc
431 387 518 453 idem
546 387 722 472 separatim
753 388 787 451 in
820 388 892 454 aliis
924 389 1031 472 libris,
1062 394 1135 454 ute

92 475 136 540 M.
159 475 256 541 Bruti
282 480 401 560 rogatu
428 474 557 540 Iuniam
583 476 742 541 familiam
772 498 791 540 a
819 477 921 560 stirpe
949 478 990 541 ad
1016 477 1100 542 hanc

94 568 236 629 aetatem
255 563 365 628 ordine
384 564 630 648 enumeraverit,
647 568 775 647 notans,
794 565 866 648 quis
886 585 988 647 aquo
1008 569 1100 630 ortus

93 673 189 805 stt
208 652 355 805 litut
375 653 1136 824 tittqtlsttttlbtltltsllt⁴

94 832 128 893 et
154 825 249 892 Fabii
276 826 412 892 Maximi
439 825 616 892 Fabiorum
648 833 681 893 et
707 828 931 894 Aemiliorum.
982 829 1100 912 quibus

93 915 186 980 libris
209 915 291 980 mnil
314 919 517 1000 potestesse
541 916 665 982 dulcius
689 916 743 999 iis,
767 917 823 1000 qui
846 917 990 1000 aliquam
1014 917 1101 1000 cupi·

94 1004 231 1069 ditatum
261 1003 383 1068 habent
414 1003 552 1069 notitiae
586 1004 748 1070 clarorum
780 1005 932 1070 virorum.
986 1005 1135 1091 attigits

92 1092 243 1176 poeticen
265 1113 408 1175 quoque,
431 1092 605 1174 oredimus,
627 1114 669 1157 ne
691 1092 760 1158 eius
784 1114 897 1177 expers
921 1098 1007 1158 esset
1030 1114 1100 1157 sua·

93 1180 214 1245 vitatis.
249 1201 389 1263 namque
412 1179 559 1244 versibus
577 1181 614 1244 de
630 1181 680 1264 its,
703 1180 759 1263 qui
781 1180 904 1254 honore
927 1202 1099 1265 rerumque

93 1271 260 1354 gestarum
283 1267 495 1352 amplitudine
519 1271 644 1332 ceteros
667 1268 780 1351 populi
803 1268 943 1334 Romani
965 1269 1100 1354 praesti·

93 1359 216 1440 terunt,
249 1354 399 1440 exposuit
425 1354 486 1437 ita,
517 1357 556 1418 ut
583 1354 643 1418 sub
672 1355 874 1440 singulorum
901 1357 1135 1442 imaginibuse

93 1443 180 1509 facta
213 1443 489 1530 magistratusque
520 1463 632 1506 eorum
662 1464 729 1507 non
760 1444 899 1526 amplius
932 1445 1099 1526 quaternis

93 1532 240 1615 quinisve
272 1530 419 1595 versibus
452 1529 677 1614 descripserit:¹
710 1530 797 1613 quod
823 1530 878 1595 vix
907 1531 1100 1596 credendum

93 1620 137 1684 sit
168 1622 278 1683 tentas
311 1638 362 1682 res
395 1621 463 1681 tam
495 1617 637 1681 breviter
663 1617 810 1701 potuisse
837 1618 1003 1682 declarari.
1049 1622 1100 1683 est

92 1708 193 1772 etiam
215 1727 298 1770 unus
321 1704 405 1769 liber
429 1703 550 1770 Graece
579 1705 758 1789 confectus,
788 1706 827 1770 de
855 1707 1026 1771 consulatu
1049 1705 1100 1772 Gi·

94 1814 227 1861 ceroms.

180 1882 268 1946 Haec
293 1881 451 1947 hactenus
479 1880 591 1948 Attico
619 1882 692 1947 viro
725 1883 813 1947 edite
840 1882 981 1947 anobis
1014 1886 1098 1947 sunt.
1111 1882 1151 1947 19

92 1992 187 2054 nunc,
210 1970 363 2054 quoniam
385 1969 517 2035 fortuna
539 1992 598 2035 nos
623 1971 815 2055 superstites
839 1971 869 2036 ei
893 1991 963 2035 esse
986 1971 1099 2056 voluit,

94 2058 218 2142 reliqua
240 2078 471 2142 persequemur
493 2062 539 2141 et,
567 2063 724 2141 quantum
747 2059 963 2144 potuerimus,
990 2080 1099 2124 rerum

94 2145 248 2230 exemplis
275 2146 413 2210 lectores
441 2145 640 2229 docebimus,
668 2147 754 2210 sicut
780 2168 879 2231 supra
906 2147 1099 2233 significavi·

94 2251 175 2319 mus,
192 2255 268 2298 suos
283 2234 398 2317 cuique
412 2255 518 2298 mores
533 2234 723 2317 plerumque
738 2235 911 2300 conciliare
923 2233 1099 2300 fortunam.

92 2321 1133 2494 llttnltttltltttttsrtttetlltlltt2

908 2460 916 2494 7

94 2503 169 2562 ante
200 2497 458 2563 familiaritatem
489 2498 557 2562 eius
585 2502 672 2563 esset
699 2501 889 2562 consecutus
917 2496 1007 2562 nulla
1034 2498 1099 2562 alia

94 2608 128 2650 re
156 2607 254 2669 quam
279 2587 445 2672 elegantia
472 2587 571 2670 ritae,
603 2607 667 2669 qua
695 2589 818 2651 ceteros
851 2589 981 2670 ceperat
1012 2585 1099 2669 prin·

94 2674 181 2758 cipes
196 2674 339 2739 civitatis
354 2674 514 2760 dignitate
533 2674 612 2758 pari,
631 2673 763 2739 fortuna
781 2671 979 2738 humiliores.
1005 2677 1099 2739 tanta
1117 2691 1133 2738 s

94 2764 181 2827 enim
202 2764 402 2847 prosperitas
426 2761 598 2829 Caesarem
621 2766 672 2827 est
695 2765 880 2846 consecuta,
902 2765 940 2826 ut
962 2761 1044 2826 nihil
1068 2761 1099 2827 ei

93 2871 159 2916 non
186 2850 339 2916 tribuerit
365 2851 511 2935 fortuna,
539 2850 625 2935 quod
653 2851 803 2934 cuiquam
830 2853 906 2915 ante
929 2849 1098 2933 detulerat,

94 2942 127 3004 et
150 2939 340 3023 conciliarit,
364 2939 450 3022 quod
471 2961 566 3005 nemo
586 2938 690 3004 adhuc
706 2939 784 3004 civis
803 2936 970 3005 Romanus
993 2939 1098 3023 quivit

94 3028 256 3110 consequi.
301 3031 379 3092 nata
406 3032 456 3092 est
483 3032 593 3093 autem
614 3025 727 3093 Attico
749 3027 858 3112 neptis
880 3049 920 3093 ex
941 3026 1098 3113 Agrippa,
1116 3047 1133 3095 4

94 3114 146 3179 cui
174 3115 334 3202 virginem
360 3115 462 3179 filiam
490 3115 674 3181 collocarat.
719 3116 804 3180 hano
827 3113 946 3181 (laesor
968 3114 1022 3178 vix
1045 3135 1098 3178 an-

92 3202 235 3268 niculam
257 3201 306 3268 Ti.
329 3201 463 3270 Claudio
491 3200 628 3286 Neroni,
655 3201 802 3268 Drusilla
827 3206 920 3286 nato,
946 3201 1097 3286 privigno

94 3312 162 3374 suo,
186 3291 370 3376 despondit:
394 3313 476 3375 quae
495 3291 679 3357 coniunctio
697 3289 968 3357 necessitudinem
987 3311 1099 3354 eorum

94 3379 218 3463 sanxit,
239 3378 498 3445 familiaritatem
520 3377 660 3444 reddidit
682 3378 943 3464 frequentiorem.
989 3377 1151 3460 quam-20

94 3488 193 3550 quam
214 3472 291 3534 ante
317 3467 397 3534 haec
420 3467 585 3551 sponsalia
610 3488 677 3532 non
704 3467 824 3550 solum,
850 3487 927 3530 cum
951 3466 993 3528 ab
1018 3465 1106 3557 urbe

94 3556 231 3640 abesset,
247 3577 428 3641 numquam
443 3557 484 3624 cd
499 3578 637 3624 suorum
651 3574 860 3642 quemquam
865 3552 1016 3612 litteras
1023 3546 1144 3606 mese,
