2400 3922
406 216 477 270 XVI.
497 215 703 272 PELOPIDAS.
730 223 755 271 1.
1041 217 1084 281 65

73 361 196 425 factum
219 381 396 444 numquam
420 361 527 425 animo
551 361 674 445 placari
696 361 805 445 potuit
822 362 857 425 in
876 384 958 445 eum,
981 384 1083 446 aquo

73 452 145 513 erat
168 447 318 513 violatus.
364 448 474 532 itaque
502 448 666 532 persuasit
688 448 850 514 Thebanis
877 453 915 515 ut
938 450 1083 515 subsidio

73 536 261 601 Thessaliae
293 536 574 620 proficiscerentur
604 541 823 621 tyrannosque
851 537 919 603 eius
947 537 1084 620 expelle·
1188 609 1192 618 ,

73 628 156 688 rent.
192 624 282 689 cuius
305 624 384 689 belli
404 647 477 689 cum
496 625 525 690 ei
544 646 672 689 summa
689 629 776 690 esset
794 625 871 690 data
889 646 991 709 eoque
1010 641 1119 690 111111

74 712 218 777 exercitu
241 711 407 796 profectus
431 716 527 797 esset,
548 734 615 778 non
637 712 815 795 dubitarit,
845 713 982 778 simulac
1011 735 1085 778 con-

75 800 182 884 spexit
200 800 339 884 hostem,
363 801 545 887 confligere.
582 800 699 884 inquo
719 801 843 885 proelio
862 800 1085 866 Alexandrum
1102 816 1120 865 4
1183 815 1184 818 ’

74 892 112 952 11
136 888 373 973 animadvertit,
396 890 546 954 incensus
565 889 615 954 ira
634 910 753 973 equum
770 889 806 953 in
820 910 893 954 eum
908 889 1084 955 concitavit

74 976 251 1060 proculque
276 977 439 1063 digressus
459 999 479 1041 1
496 977 565 1042 suis
584 977 732 1042 coniectu
754 976 894 1041 telorum
913 977 1083 1042 confossus

75 1064 225 1128 concidit.
260 1068 357 1148 atque
380 1066 442 1130 hoc
462 1065 601 1131 secunda
613 1065 751 1130 victoria
770 1066 901 1131 accidit:
923 1065 1084 1129 narniam

74 1151 250 1217 inclinatae
273 1157 366 1217 erant
389 1156 603 1236 tyrannorum
626 1153 747 1236 copiae.
781 1152 1120 1237 1111111111111111

74 1239 262 1304 Thessaliae
299 1240 450 1304 civitates
486 1239 694 1305 interfectum
730 1240 919 1324 Pelopida-m
956 1240 1083 1306 coronis

75 1328 183 1392 aureis
212 1331 245 1392 et
273 1329 392 1392 statuis
420 1327 528 1392 a'e'neis
559 1327 744 1410 liberosque
772 1328 841 1392 eins
869 1329 973 1394 multo
1004 1351 1083 1414 agro

74 1417 247 1479 donarunt.

476 1557 686 1566 ..—-—..-—.

378 1715 489 1788 XVII.
518 1713 793 1789 AGESILAUS.

166 1852 338 1939 Agesilaus
361 1851 635 1920 Lacedaemonius
663 1876 737 1919 eum
765 1852 923 1918 acetaria
951 1853 1085 1936 scripto·
1105 1854 1124 1917 1

76 1944 168 2007 ribus
192 1946 263 2007 tum
287 1941 401 2006 eximie
421 1963 440 2005 a
462 1941 678 2026 Xenophonte
696 1940 862 2007 Socratico
883 1940 1085 2007 collaudatus

77 2035 142 2096 est:
166 2052 203 2094 eo
228 2029 314 2093 enim
336 2051 414 2094 usus
439 2033 489 2094 est
512 2028 774 2095 familiarissime.
810 2030 864 2095 hic
887 2029 1028 2113 primum
1046 2031 1085 2095 de
1104 2044 1121 2093 r

76 2140 178 2205 regno
206 2140 279 2183 cum
307 2114 519 2201 Leotychide,
550 2117 662 2182 fratris
693 2118 776 2201 filio,
807 2117 923 2182 habuit
956 2121 1086 2184 conten·

77 2208 210 2270 tionem.
256 2226 327 2269 mos
355 2208 425 2268 erat
453 2204 540 2268 enim
568 2203 832 2269 Lacedaemoniis
861 2226 881 2268 1
907 2206 1085 2272 maioribus

78 2294 228 2377 traditus,
246 2298 284 2357 ut
297 2292 392 2357 binos
406 2292 565 2356 haberent
579 2313 705 2375 semper
719 2312 821 2376 reges,
836 2292 966 2356 nomine
980 2294 1085 2378 magis

78 2404 176 2467 quem
191 2381 337 2465 imperio,
351 2402 389 2446 ex
403 2380 528 2445 duabus
542 2378 676 2443 familiis
690 2377 799 2443 Procli
813 2382 847 2441 et
860 2377 1087 2463 Eurysthenis,

79 2471 135 2554 qui
158 2469 320 2554 principes
344 2490 383 2533 ex
404 2468 560 2553 progenie
583 2466 733 2532 Herculis
753 2463 889 2549 Spartae
908 2487 1000 2551 reges
1020 2464 1086 2531 fue·

78 2563 164 2622 runt.
197 2558 315 2622 horum
334 2578 372 2621 ex
391 2557 495 2621 altera
513 2555 548 2619 in
566 2554 700 2620 alterius
723 2552 866 2618 familiae
888 2553 997 2618 locum
1015 2554 1086 2618 fieri
1105 2569 1121 2617 1

78 2668 145 2712 non
167 2646 300 2711 licebat:
323 2645 371 2708 ita
389 2667 483 2710 suum
502 2647 639 2727 utraque
657 2642 820 2706 retinebat
838 2639 991 2706 ordinem.
1023 2642 1087 2725 pri·

79 2757 169 2799 mum
201 2733 286 2798 ratio
318 2732 513 2817 habebatur,
545 2731 601 2816 qui
632 2730 791 2796 maximus
823 2733 903 2795 natu
935 2733 1021 2794 esset
1048 2752 1087 2794 ex

78 2822 192 2886 liberis
211 2822 289 2903 eius,
313 2822 368 2904 qui
383 2841 532 2908 regnans
550 2820 756 2903 decessisset3
779 2818 830 2883 sin
843 2818 872 2882 is
886 2817 979 2882 virile
994 2840 1086 2884 secus

79 2932 147 2975 non
169 2909 369 2992 reliquisset,
399 2914 469 2974 tum
492 2909 708 2995 deligebatur,
731 2905 788 2991 qui
809 2906 976 2991 proximus
1000 2910 1087 2972 esset

79 2997 334 3081 propinquitate.
370 3001 519 3062 mortuus
538 3000 608 3062 erat
622 2995 704 3082 Agis
723 3017 788 3079 rex,
810 2994 912 3060 frater
926 2993 1087 3081 Agesilai:
1105 3009 1127 3056 1

79 3087 185 3150 filium
208 3085 384 3168 reliquerat
406 3083 647 3167 Leotychidem.
688 3105 784 3167 quem
806 3083 862 3147 ille
884 3086 999 3147 natum
1021 3104 1088 3146 non

80 3177 233 3260 agnocat,
261 3172 396 3236 eundem
424 3171 565 3236 moriens
593 3193 687 3237 suurn
715 3192 785 3236 esse
812 3171 946 3234 dixerat.
991 3169 1020 3231 is
1047 3168 1087 3232 de

79 3262 204 3326 honore
227 3261 318 3346 regni
342 3281 415 3325 cum
429 3259 593 3344 Agesilae,
615 3261 732 3342 patruo
756 3279 824 3340 suo,
847 3254 1014 3321 contendit
1034 3276 1088 3320 ne-

80 3371 143 3432 que
174 3348 206 3412 id
235 3348 321 3433 qnod
350 3347 467 3431 petivit
494 3351 685 3411 consecutus
713 3349 771 3409 est.
816 3364 892 3406 nam
919 3341 1122 3424 Lysandroc

81 3437 290 3522 suffragante,
312 3435 453 3519 homine,
475 3438 513 3499 ut
536 3433 735 3498 ostendimus
759 3451 872 3514 supra,
893 3428 1031 3495 factioso
1055 3433 1088 3494 et

81 3525 122 3588 iis
147 3525 350 3607 temporibus
373 3526 516 3609 potente,
538 3520 713 3608 Agesilaus
736 3518 904 3583 antelatus
924 3521 991 3578 est.

133 3635 269 3677 0111111111
282 3637 372 3681 Nasos.
940 3619 965 3668 b
