2400 3922
139 223 180 285 12
427 219 463 276 ΙΙ.
480 217 764 274 rflnnlsrocnns
792 224 817 274 7.
834 227 859 275 8.

102 367 202 432 eiam
229 365 280 430 bis
309 365 419 448 copias
446 363 553 449 regias
580 362 696 427 fecisse
726 362 942 448 naufragium.
987 361 1146 430 Lacedae·

137 453 264 518 monios
292 456 401 517 autem
424 452 508 516 male
536 454 569 515 et
595 451 716 515 iniuste
743 450 863 535 faeere,
890 451 947 534 qui
973 450 1008 515 id
1033 453 1145 535 potius

136 542 353 624 intuerentur,
386 540 471 623 quod
503 539 650 622 ipsorum
681 538 896 603 dominationi
928 560 1026 622 quam
1059 541 1146 623 quod

136 629 304 694 universae
324 627 478 693 Graeciae
501 627 582 691 utile
605 631 700 690 esset.
736 647 844 710 quare,
867 626 896 690 si
919 647 995 691 suos
1017 627 1144 713 legatos

137 717 279 801 recipere
301 716 436 799 vellent,
464 736 545 798 quos
569 713 716 778 Athenas
740 714 910 798 miserant,
938 735 973 778 se
1001 716 1145 780 remitte

137 808 218 887 rent,
241 824 310 869 cam
333 803 428 867 aliter
450 802 525 867 illos
548 823 725 885 numquam
748 802 783 866 in
805 802 947 887 patriam
965 807 1076 867 essent
1098 825 1145 867 re

137 914 173 957 ce
197 892 272 956 turi.

97 981 117 1044 8
174 915 195 976 p
224 978 346 1043 Tamen
363 1000 430 1044 non
448 978 563 1063 effugit
577 977 696 1042 civium
710 999 843 1043 suorum
862 977 1025 1043 invidiam.
1056 999 1144 1044 nam·

137 1089 198 1151 que
217 1066 258 1130 ob
277 1067 413 1131 eundem
432 1066 592 1149 timorem,
612 1086 675 1148 quo
695 1065 866 1130 damnatus
886 1069 956 1130 erat
970 1065 1145 1150 Miltiades,

136 1153 330 1217 testularum
363 1153 525 1238 suffragiis
556 1175 573 1217 e
601 1153 733 1218 civitate
763 1154 845 1217 eiect
831 1157 884 1218 tus
912 1153 1022 1239 Argos
1054 1153 1144 1218 habi·

101 1244 243 1305 ntatum
276 1242 444 1306 concessit.
493 1242 548 1306 hic
580 1262 654 1305 cum
685 1245 820 1325 propter
852 1242 936 1306 mult
922 1245 972 1306 tas
1005 1241 1144 1306 virtutes

136 1348 254 1414 magna
282 1350 355 1393 cum
383 1329 489 1414 dignit
474 1333 543 1394 tate
570 1328 707 1413 viveret,
738 1327 986 1394 Lacedaemonii
1016 1330 1144 1415 legatos

135 1414 282 1480 Athenas
301 1416 470 1501 miserunt,
489 1417 545 1500 qui
564 1438 638 1481 eum
657 1378 826 1482 absentem
840 1421 1038 1501 accusarent,
1058 1417 1145 1500 quod

136 1503 328 1569 societatem
348 1526 421 1570 cum
438 1525 515 1591 rege
533 1504 631 1570 Perse
651 1505 692 1570 ad
711 1503 880 1571 Graeciam
899 1505 1145 1604 opprimendam

100 1590 943 1764 afapgpodipgnefflstppfflffldpa,
948 1592 1146 1759 thet,

135 1768 339 1852 demigravit.
376 1769 516 1832 ibicum
535 1767 603 1829 eius
621 1765 784 1847 principes
806 1764 927 1828 insane
945 1762 1146 1831 animadver-

135 1855 232 1918 tisset
254 1855 382 1935 timere,
409 1874 449 1917 ne
472 1856 607 1935 propter
629 1872 664 1915 se
686 1850 852 1915 bellum
830 1872 871 1915 11s
894 1849 1145 1918 Lacedaemonii

135 1945 169 2004 et
195 1939 411 2003 Athenienses
443 1939 635 2022 indicerent,
668 1938 709 2002 ad
737 1938 929 2023 Admetum,
961 1937 1144 2005 Molossum

98 2043 115 2092 4
134 2046 253 2111 regem,
276 2047 350 2091 cum
369 2047 433 2110 quo
452 2048 483 2091 e1
473 2026 680 2109 hospitium
697 2046 760 2092 non
779 2031 858 2110 erat,
882 2026 1037 2112 confugit.
1079 2029 1144 2094 huc

135 2135 209 2179 cum
227 2115 370 2179 venisset
388 2118 422 2178 et
440 2115 677 2199 inpraesentia
695 2137 752 2179 rex
770 2115 909 2199 abesset,
932 2136 996 2198 quo
1020 2116 1144 2180 maiore

134 2201 291 2286 religione
319 2223 353 2267 se
376 2207 544 2287 receptum
567 2206 728 2288 tueretur,
750 2204 855 2268 filium
878 2203 947 2268 eius
970 2205 1143 2286 parvulum

134 2289 273 2373 arripuit
296 2294 330 2355 et
352 2313 427 2357 cum
449 2312 488 2357 eo
511 2313 546 2357 se
568 2291 604 2356 in
626 2293 813 2377 sacrarium,
836 2291 923 2375 quod
946 2313 1074 2356 summu
1093 2313 1142 2356 co-

133 2377 263 2444 lebatur
286 2379 491 2465 caerimonia,
515 2380 663 2446 coniecit
694 2381 768 2445 inde
791 2402 858 2445 non
879 2380 970 2463 prius
993 2399 1142 2464 egressus

135 2471 199 2550 est,
231 2490 330 2552 quam
356 2489 414 2536 rex
440 2490 515 2536 eum
542 2469 619 2533 data
645 2468 795 2533 dextra
785 2490 821 2532 ιιι
851 2467 948 2531 fidem
975 2467 1143 2551 reciperet,

99 2570 115 2619 e
135 2576 233 2638 quam
256 2557 433 2641 praestitit.
467 2579 543 2622 nam
562 2578 636 2621 cum
660 2556 701 2620 ab
720 2554 975 2619 Atheniensibus
995 2558 1028 2618 et
1045 2552 1142 2619 Lace

134 2643 313 2709 daemoniis
341 2648 570 2726 exposceretur
597 2642 740 2726 publice,
771 2641 951 2724 supplicem
977 2664 1044 2708 non
1070 2664 1142 2726 pro-

134 2731 218 2794 didit
239 2730 430 2813 monuitque
453 2735 491 2795 ut
513 2730 697 2794 consuleret
716 2728 792 2793 sibi:
815 2727 947 2792 difficile
966 2731 1053 2794 enim
1072 2752 1142 2796 esse

133 2817 168 2880 in
191 2820 260 2880 tam
281 2817 465 2901 propinquo
488 2817 561 2883 loco
579 2819 632 2881 tut
634 2837 652 2880 o
672 2837 746 2880 eum
764 2816 895 2880 versari.
929 2817 1041 2900 itaque
1060 2817 1142 2903 Pyd-

132 2924 210 2968 nam
237 2924 312 2968 eum
339 2904 454 2969 deduci
480 2904 578 2969 iussit
604 2906 639 2967 et
666 2903 752 2987 quod
776 2904 856 2968 satis
879 2908 966 2969 esset
988 2906 1142 2988 praesidii

99 3007 115 3056 e
133 2989 232 3054 dedit.
268 2991 322 3056 hic
339 2991 376 3055 in
392 3013 509 3056 navem
527 2992 678 3057 omnibus
701 2992 834 3077 ignotus
856 2993 965 3057 nautis
989 2994 1141 3058 escendit.

134 3099 217 3163 quae
245 3100 319 3143 cum
346 3083 541 3163 tempestate
569 3079 711 3145 maxima
739 3078 869 3145 Naxum
900 3080 1053 3164 ferretur,
1085 3081 1141 3146 ubi

133 3171 206 3232 tum
223 3165 474 3233 Atheniensium
492 3171 563 3232 erat
581 3168 751 3251 exercitus,
774 3169 877 3233 sensit
895 3169 1146 3252 Themistocles,

134 3257 163 3321 si
186 3277 224 3321 eo
247 3255 461 3341 pervenisset,
489 3256 553 3321 sibi
576 3277 646 3321 esse
668 3257 876 3356 pereundum
921 3258 982 3321 hac
1004 3257 1141 3321 necessi·

134 3347 203 3408 tate
218 3347 350 3410 coactus
366 3344 496 3409 domino
510 3345 612 3429 navis,
632 3344 705 3428 quis
722 3344 775 3427 sit,
795 3345 909 3427 aperit,
927 3346 1011 3408 mult
997 3349 1032 3408 ta
1049 3344 1142 3428 polli-

99 3446 220 3516 teens,
243 3433 271 3498 si
295 3453 329 3497 se
353 3436 584 3498 conservasset.
621 3436 656 3497 at
678 3431 734 3496 ille
754 3396 974 3516 clarissimi
945 3433 1006 3496 viri
1026 3436 1143 3516 captus

127 3520 355 3584 misencordia
378 3519 463 3586 diem
485 3524 678 3604 noctemque
700 3520 814 3603 procul
834 3520 874 3584 ab
893 3520 1027 3584 insula
1018 3543 1053 3584 ιιι
1072 3520 1143 3585 salo
