2400 3922
107 225 149 289 66
398 222 484 278 XVII.
503 221 712 278 AGESILAUS.
742 233 766 278 2.
786 231 811 277 3.

69 370 91 434 2
193 368 256 434 Hie
294 368 490 454 simulatque
526 367 655 451 imperii
691 368 818 452 potitus
850 372 916 453 est,
952 368 1116 452 persuasit

105 456 369 523 Lacedaemoniis
393 461 431 522 ut
453 477 522 521 cum
545 455 688 521 exercitu
709 477 743 521 se
762 456 932 521 mitterent
950 455 984 520 in
998 453 1115 520 Asiam

106 546 292 628 bellumque
320 545 390 631 regi
417 543 575 628 facerent,
604 544 722 609 docens
751 544 853 609 satius
883 565 953 609 esse
976 543 1012 607 in
1035 542 1115 608 Asia

106 656 204 718 quam
222 633 258 696 in
270 632 404 716 Europa
421 631 576 696 dimicari.
609 653 749 715 namque
772 631 860 697 fama
883 632 1006 696 exierat
1020 630 1116 696 Arta-

105 743 225 788 xerxen
248 743 435 805 comparare
459 720 577 785 classes
596 720 826 804 pedestresque
845 720 1014 804 exercitus,
1034 741 1115 804 quos

71 811 141 875 ain
161 808 330 874 Graeciam
354 809 508 873 mitteret.
544 808 622 872 data
643 812 808 891 potestate
831 812 925 873 tanta
949 808 1115 873 celeritate

107 920 185 964 usus
213 901 277 982 est,
309 901 347 963 ut
375 897 465 980 prius
493 897 528 959 in
550 894 665 960 Asiam
692 917 766 961 oum
793 898 896 980 copiis
924 897 1116 980 pervenerit,

108 1007 205 1070 quarn
219 985 302 1071 regii
315 989 464 1068 satrapae
479 1005 552 1048 eum
568 985 688 1048 scireut
701 984 893 1068 profectum.
913 1005 977 1068 quo
991 984 1116 1049 factum

71 1089 87 1136 3
106 1080 158 1139 est
180 1078 218 1138 ut
236 1094 347 1138 omnes
366 1074 545 1156 imparatos
563 1072 847 1157 imprudentesque
867 1072 1052 1137 offenderet.
1082 1072 1115 1136 id

106 1166 144 1227 ut
163 1161 316 1248 coguovit
331 1159 574 1244 Tissaphernes,
597 1161 653 1244 qui
672 1183 835 1226 summurn
853 1161 1026 1244 imperium
1044 1165 1115 1224 tum

106 1250 191 1314 inter
213 1247 395 1332 praefectos
418 1248 563 1314 habebat
585 1249 702 1334 regios,
724 1249 866 1314 indutias
886 1246 1046 1314 aLaoone
1062 1269 1115 1333 pe-

107 1337 192 1422 tivit,
216 1337 373 1419 simulans
394 1358 427 1401 se
446 1337 523 1401 dare
542 1359 683 1421 operam,
705 1341 744 1401 ut
757 1335 1022 1402 Lacedaemoniis
1041 1358 1115 1401 cum

106 1447 182 1511 rege
202 1426 397 1510 conveniret,
416 1446 451 1489 re
470 1430 580 1490 autem
593 1447 669 1490 vera
687 1425 728 1489 ad
748 1426 857 1510 copias
873 1425 1115 1509 comparandas,

72 1528 225 1597 reasque
248 1513 437 1598 impetravit
461 1513 674 1579 trimenstres.
708 1514 829 1578 iuravit
847 1519 956 1579 autem
979 1517 1115 1596 uterque

107 1623 142 1667 se
165 1602 235 1666 sine
258 1602 332 1666 dolo
356 1601 498 1666 indutias
519 1605 793 1667 conservaturum.
830 1603 864 1666 in
883 1623 947 1684 qua
965 1601 1114 1685 pactione

107 1712 234 1754 summa
256 1690 328 1754 fide‘
342 1690 464 1754 mansit
482 1689 668 1774 Agesilaus,
691 1693 805 1753 contra
828 1711 865 1752 ea
881 1689 1115 1771 Tissaphernes

71 1778 189 1842 snihil
213 1777 300 1841 aliud
320 1799 417 1860 quam
437 1776 560 1839 bellum
574 1776 782 1857 comparavit.
819 1776 851 1839 id
871 1776 933 1840 etsi
953 1776 1116 1841 sentiebat

106 1864 207 1949 Laco,
236 1868 347 1928 tamen
373 1861 595 1926 iusiurandum
618 1862 769 1925 servabat
792 1864 995 1945 multumque
1019 1864 1054 1927 in
1078 1887 1116 1930 eo

106 1973 141 2016 se
165 1951 318 2033 consequi
346 1949 488 2031 dicebat,
516 1949 602 2031 quod
624 1947 856 2032 Tissaphernes
884 1950 1026 2034 periurio
1056 1973 1117 2017 suo

106 2042 139 2102 et
160 2037 309 2102 homines
332 2037 400 2101 suis
423 2036 520 2100 rebus
544 2036 743 2101 abalienaret
766 2042 800 2102 et
822 2038 900 2103 deos
924 2037 987 2102 sibi
1009 2038 1116 2104 iratos

105 2124 269 2208 redderet,
301 2145 336 2189 se
368 2128 477 2189 autem
510 2129 701 2190 conservata
732 2126 889 2212 religione
922 2126 1115 2193 confirmare

106 2213 298 2297 exercitum,
330 2235 404 2278 eum
436 2213 707 2278 animadverteret
739 2215 835 2279 deum
861 2235 982 2279 numen
1008 2214 1115 2280 iacere

107 2323 226 2386 secum,
248 2301 460 2384 hominesque
484 2302 548 2366 sibi
572 2302 743 2369 conciliare
767 2303 945 2387 amiciores,
968 2303 1054 2386 quod
1073 2305 1115 2369 iis

107 2391 237 2456 studere
265 2393 489 2475 consuessent,
518 2412 599 2474 quos
627 2412 817 2457 conservare
840 2392 937 2456 fidem
959 2391 1115 2457 viderent.

71 2477 91 2542 3
194 2478 375 2563 Postquam
407 2478 607 2543 indutiarum
638 2480 808 2562 praeteriit
839 2480 923 2564 dies,
955 2478 1114 2545 barbarus

105 2589 172 2633 non
193 2567 356 2652 dubitans,
380 2567 466 2650 quod
489 2568 591 2652 ipsius
615 2571 708 2631 erant
729 2568 871 2652 plurima
894 2567 1058 2632 domicilia
1080 2569 1114 2633 in

106 2653 202 2722 (laria
225 2660 258 2719 et
281 2677 319 2721 ea
341 2655 432 2740 regio
455 2655 495 2719 iis
519 2656 721 2739 temporibus
744 2655 848 2720 multo
871 2656 1049 2739 putabatur
1068 2656 1114 2720 lo·

106 2744 337 2826 oupletissima,
360 2763 397 2806 eo
421 2742 630 2826 potissimum
652 2743 764 2807 hostes
783 2743 942 2827 impetum
960 2742 1113 2829 facturos,

70 2845 217 2894 somnes
250 2850 325 2894 suas
354 2830 463 2912 copias
492 2852 529 2895 eo
558 2835 772 2894 contraxerat.
818 2835 853 2895 at
879 2831 1051 2918 Agesilaus
1079 2832 1113 2896 in

105 2916 283 3001 Phrygiam
307 2937 341 2980 se
364 2918 525 2981 convertit
548 2938 683 3001 eamque
705 2920 796 3002 prius
819 2919 1034 3003 depopulatus
1053 2924 1113 3004 est,

106 3025 203 3088 quam
217 3002 450 3088 Tissaphernes
470 3025 607 3087 usquam
621 3026 655 3069 se
670 3011 823 3072 moveret.
856 3029 974 3095 magna
993 3009 1113 3092 praeda

105 3093 265 3157 militibus
298 3092 507 3175 locupletatis
533 3092 700 3177 Ephesum
727 3095 907 3161 hiematum
935 3096 1112 3161 exercitum

105 3182 233 3247 reduxit
256 3185 354 3265 atque
377 3180 424 3244 ibi
447 3179 586 3245 officinis
610 3203 774 3248 armorum
803 3184 966 3248 institutis
994 3206 1113 3270 magna

105 3271 266 3335 industria
294 3268 417 3333 bellum
441 3270 618 3353 apparavit.
664 3275 784 3355 etque
809 3272 986 3337 studiosius
1010 3293 1113 3337 arma·

104 3363 216 3422 rentur
252 3357 475 3443 insigniusque
507 3362 716 3441 ornarentur,
752 3360 896 3442 praemia
932 3360 1112 3445 proposuit,

105 3446 222 3526 quibus
250 3446 460 3531 donarentur,
490 3468 627 3530 quorum
654 3447 785 3533 egregia
811 3448 846 3512 iu
869 3469 907 3511 ea
933 3469 967 3512 re
994 3447 1113 3513 fuisset

47 3543 70 3584 s
85 3531 263 3595 J'erustl'ia.
301 3533 384 3599 feeit
402 3535 490 3602 idem
513 3535 548 3600 in
572 3535 839 3601 exercitationum
862 3535 1043 3622 generibus,
1066 3541 1112 3621 ut,
