2400 3922
33 272 36 278 .
122 240 167 302 94
415 233 513 291 xxm.
532 232 731 289 nausiam
761 239 857 289 e-ro.

18 409 19 412 ¹
122 385 158 449 in
175 379 369 464 Pamphylio
393 379 477 443 mari
500 378 653 443 conflixit.
689 379 807 462 inquo
827 398 901 442 cum
924 378 1135 446 multitudine

124 468 383 550 adversariorum
406 466 457 530 sui
485 470 728 550 superarentur,
757 465 828 550 ipse
852 487 916 549 quo
940 488 1042 532 cornu
1065 489 1135 533 ram

123 557 227 643 gessit
248 555 312 620 fuit
335 554 489 638 superior.
656 557 661 568 '

88 646 109 708 9
212 643 377 708 Antiocho
400 641 515 728 fugato
538 663 652 707 verens
674 663 716 707 ne
739 642 923 727 dederetur,
954 644 1042 725 quod
1065 645 1135 710 sine

124 733 222 798 dubio
251 731 434 815 accidisset,
465 730 493 794 si
521 730 572 794 sui
598 729 731 795 fecisset
757 733 971 817 potestatem,
1001 729 1135 798 Cretam

124 821 165 886 ad
188 819 365 903 Gortynios
388 818 488 902 venit,
509 821 548 882 ut
569 817 626 902 ibi,
650 838 714 901 quo
737 839 772 883 se
796 817 967 904 conferret,
990 820 1133 886 conside

89 924 104 973 2
124 912 221 973 raret.
250 907 333 973 uidit
352 910 461 971 autem
479 905 529 970 vir
547 904 693 970 omnium
712 906 941 972 callidissimus
958 908 996 973 in
1013 929 1134 995 magno

125 1019 158 1063 se
181 997 251 1060 fore
278 995 436 1080 periculo,
465 993 529 1058 nisi
558 993 635 1076 quid
662 994 871 1079 providisses,
898 999 1035 1080 propter
1062 1019 1135 1062 ava·

81 1102 85 1110 ’
124 1085 235 1149 titiam
263 1081 481 1148 Cretensium:
517 1101 670 1166 magnam
702 1082 789 1147 enim
821 1104 931 1148 secum
962 1085 1135 1168 pecuniam

88 1169 1135 1345 ³{detruduntur{truncabunt

124 1367 267 1412 summas
300 1345 407 1429 operit
439 1366 517 1409 auro
550 1349 584 1409 et
616 1350 760 1432 argento.
812 1346 872 1412 has
904 1311 1135 1431 praesentibus,

123 1433 324 1520 principibus
357 1433 490 1517 deponit
520 1433 556 1498 in
587 1434 710 1518 templo
737 1433 876 1521 Dianae,
908 1435 1066 1502 simulans
1099 1459 1134 1504 se

125 1545 199 1590 suas
226 1521 374 1587 fortunas
402 1521 534 1586 illorum
561 1521 637 1587 fidei
664 1523 802 1588 credere.
846 1523 899 1589 his
927 1524 963 1588 in
989 1545 1134 1591 errorem

124 1612 265 1677 inductis
289 1614 415 1676 statuas
440 1615 568 1694 adneas,
598 1631 678 1694 quas
708 1632 818 1676 secum
844 1613 1013 1698 portabat,
1044 1615 1135 1680 omni

125 1722 184 1766 sua
205 1700 343 1784 pecunia
366 1700 508 1783 complet
531 1719 649 1782 easque
667 1699 702 1763 in
721 1700 896 1783 propatulo
915 1700 1005 1765 dorni
1023 1701 1134 1767 abicit.

88 1787 278 1871 4-(lortynii
301 1787 460 1870 templum
488 1807 607 1871 magna
635 1808 712 1851 cura
739 1788 941 1872 custodiunt,
969 1810 1037 1854 non
1064 1794 1141 1869 tam.

125 1875 283 1941 acetaria
308 1895 406 1957 quam
431 1874 471 1936 ab
494 1873 690 1958 Hannibale,
712 1896 753 1940 ne
776 1876 832 1940 ille
855 1876 1069 1944 inscientibus
1092 1878 1134 1943 iss

125 1964 257 2027 tolleret
278 1981 337 2025 sua
360 1981 532 2044 secumque
555 1962 695 2026 duceret.

84 2048 124 2112 10
217 2047 271 2112 Sic
289 2048 488 2113 conservatis
508 2049 576 2115 suis
594 2050 691 2114 rebus
711 2051 861 2117 omnibus
879 2051 1008 2118 Poenus
1025 2053 1134 2120 illusis
1150 2100 1164 2122 .

125 2136 335 2203 Cretensibus
363 2138 405 2200 ad
431 2135 581 2202 Prusiam
612 2138 648 2202 in
673 2137 816 2203 Pontum
846 2141 1002 2224 pervenit.
1048 2142 1136 2226 apud

126 2246 222 2310 quem
241 2226 354 2289 eodem
373 2224 481 2290 animo
500 2224 564 2290 fuit
582 2246 661 2311 erga
674 2225 807 2291 Italiam
820 2248 925 2311 neque
940 2228 1029 2294 aliud
1047 2229 1135 2313 quic-

90 2415 106 2464 2
125 2317 320 2467 lltllidlnandglt
333 2317 1135 2488 qqqqlmcffiqeffipqeestfieeixsaqqiiqpsdffl:

126 2512 196 2555 esse
221 2491 406 2574 robustum,
434 2490 630 2556 conciliabat
652 2494 777 2555 ceteros
801 2513 835 2556 re
860 2513 908 2575 es,
936 2492 1136 2580 adiungebat

126 2579 298 2644 bellicosas
321 2578 478 2643 nationes.
517 2578 696 2643 dissidebat
718 2579 815 2644 abeo
834 2512 1055 2664 dergamenus
1078 2603 1136 2646 rex

125 2666 301 2750 Eumenes,
324 2665 481 2730 Romanis
505 2666 738 2752 amicissimus,
759 2666 946 2751 bellumque
969 2669 1057 2733 inter
1079 2690 1135 2734 eos

42 2804 46 2811 .
91 2756 301 2841 egerebatur
328 2758 361 2818 et
388 2754 471 2818 mari
498 2758 532 2818 et
558 2758 660 2838 terra3
692 2755 748 2819 sed
774 2755 948 2839 utrobique
971 2755 1136 2822 Eumenes

126 2843 199 2925 plus
231 2841 361 2904 valebat
396 2845 531 2925 propter
562 2841 785 2907 Romanorum
816 2844 1017 2909 societatem.
1071 2866 1135 2929 quo

127 2928 232 3012 magis
252 2927 404 3011 cupiebat
422 2950 495 2993 eum
513 2929 679 2993 Hannibal
698 2930 847 3016 opprimi,
871 2953 968 3016 quem
986 2932 1016 2998 si
1033 2954 1137 2999 remo

127 3016 238 3099 visset,
259 3014 408 3079 faciliora
431 3016 494 3079 sibi
513 3020 621 3081 cetera
639 3015 708 3082 fore
728 3019 959 3084 arbitrabatur.
990 3020 1137 3086 adhunc

91 3103 389 3170 4interficiundum
420 3103 521 3168 talem
552 3104 627 3169 iniit
659 3106 828 3171 rationem.
883 3108 986 3173 classe
1022 3109 1137 3192 paucis

127 3193 240 3259 diebus
265 3196 358 3257 erant
381 3191 551 3257 decreturi.
595 3195 811 3278 superabatur
833 3196 967 3260 navium
989 3197 1138 3261 multitu·

128 3282 215 3346 dine:
238 3281 313 3346 dolo
337 3279 408 3346 erat
425 3280 644 3367 pugnandum,
668 3303 741 3347 cum
759 3304 819 3366 par
835 3304 903 3348 non
920 3288 1009 3348 esset
1026 3285 1138 3351 armis.

127 3369 301 3454 imperavit
329 3390 426 3454 quam
452 3369 610 3453 plurimas
642 3375 817 3436 venenatas
849 3375 1016 3456 serpentes
1046 3372 1138 3438 vira‘s

94 3472 110 3512 5
129 3457 242 3543 colligi
265 3478 383 3541 easque
407 3458 443 3522 in
460 3479 538 3522 vasa
555 3457 671 3523 fictilia
689 3459 802 3524 conici
836 3459 953 3525 harum
972 3481 1047 3525 cum
1066 3459 1139 3525 effe·

159 3548 221 3608 net
239 3565 400 3631 magnam
424 3545 686 3632 multitudinem,
711 3546 763 3611 dia
788 3547 877 3631 ipso,
902 3568 966 3630 quo
989 3547 1138 3616 facturus
