2400 3922
362 227 435 282 XIII.
455 227 676 284 TIMOTHIIUS.
705 236 730 284 2.
749 237 774 284 3.
1031 229 1074 293 47

65 393 128 455 que
143 371 218 436 dein
232 371 379 436 adiunxit
388 370 553 456 Epirotas,
563 369 774 456 Athamanas,
788 371 938 438 Chaonas
951 395 1075 439 omnes·
1159 348 1164 424 Ῐ

65 481 128 544 que
152 480 206 524 eas
231 463 361 545 gentes,
384 481 466 542 quae
490 481 578 524 mare
601 459 682 524 illud
705 460 861 525 adiacent.
899 483 962 544 quo
985 460 1109 527 factos

63 546 314 613 Lacedaemonii
346 547 384 610 de
416 547 543 612 diutina
574 548 781 612 contentione
814 548 1011 613 destiterunt
1041 556 1074 614 et

64 657 125 701 sua
139 639 256 718 sponte
271 634 527 700 Atheniensibus
540 636 669 719 imperii
684 636 842 700 maritimi
855 636 1074 721 principatum

64 727 308 806 concesserunt,
335 744 511 806 pacemque
539 724 580 787 iis
604 724 731 808 legibus
756 726 1009 809 constituerunt,
1035 729 1074 789 ut

63 810 284 876 Athenienses
307 811 390 875 mari
413 810 509 875 duces
533 815 649 876 essent.
696 833 778 895 quae
800 813 938 878 victoria
960 816 1072 877 tantae

63 898 128 963 fnit
142 897 264 963 Atticis
283 898 439 982 laetitiae,
457 902 494 963 ut
513 902 584 962 tum
601 900 743 983 primum
762 921 836 965 arae
850 900 928 965 Paci
944 901 1072 984 publice

64 987 132 1051 sint
154 986 260 1051 factae
284 987 377 1070 eique
400 985 477 1050 deae
500 987 649 1070 pulvinar
672 988 717 1052 sit
738 988 935 1053 institutum.
982 989 1106 1053 ouiusa

63 1074 170 1139 landis
188 1077 227 1137 ut
245 1075 402 1139 memoria
420 1078 574 1158 maneret,
592 1074 763 1140 Timotheo
782 1077 911 1159 publice
929 1079 1082 1159 statuam

62 1161 189 1227 infore
208 1164 395 1246 posuerunt.
431 1162 486 1245 qni
504 1161 609 1227 honos
627 1163 703 1227 huie
721 1164 778 1227 uni
797 1169 872 1229 ante
891 1165 924 1229 id
942 1169 1071 1248 tempus

64 1251 219 1335 contigit,
250 1254 302 1334 ut,
335 1270 408 1314 eum
435 1250 523 1332 patri
556 1251 695 1333 populus
725 1254 868 1317 statuam
899 1253 1072 1337 posuisset,

63 1338 132 1403 filio
157 1358 285 1422 quoque
308 1337 408 1401 daret.
454 1337 500 1401 sic
523 1337 613 1402 iuxta
637 1340 746 1423 posita
769 1361 880 1405 recens
903 1341 963 1404 filii
986 1344 1072 1405 vete·

62 1447 133 1490 rem
155 1425 259 1509 patris
283 1425 451 1490 renovarit
474 1427 672 1490 memoriam.

152 1511 216 1577 Hic
239 1533 312 1576 eum
335 1515 422 1577 esset
439 1533 558 1598 magno
576 1517 656 1578 natu
675 1519 708 1578 et
727 1517 939 1600 magistratus
959 1537 1070 1600 gerere
1089 1517 1109 1581 3

63 1601 211 1685 desisset,
232 1600 319 1665 bello
338 1599 555 1665 Athenienses
573 1602 714 1685 undique
732 1605 836 1686 premi
859 1607 935 1667 sunt
954 1604 1070 1686 coepti.

63 1688 226 1754 defecerat
241 1685 365 1771 Samus,
384 1688 542 1753 descierat
555 1688 797 1774 Hellespontus,
816 1690 988 1774 Philippus
1003 1691 1070 1754 iam

62 1781 135 1841 tum
162 1777 272 1840 valens
300 1776 405 1840 multa
433 1778 641 1841 moliebatur:
669 1779 720 1842 cui
748 1780 918 1863 oppositus
947 1777 1069 1844 Chares

63 1887 137 1930 oum
165 1867 264 1949 esset,
292 1884 359 1928 non
386 1865 466 1929 satis
494 1865 529 1929 in
555 1887 593 1930 eo
620 1867 773 1950 praesidii
799 1868 985 1951 putabatur.
1030 1867 1104 1931 fita

61 1952 272 2018 Menestheus
294 1955 435 2036 praetor,
458 1952 544 2017 filius
567 1952 750 2038 Iphicratis,
776 1977 875 2040 gener
897 1956 1069 2040 Timothei,

61 2044 95 2106 et
114 2044 152 2105 ut
171 2040 212 2104 ad
233 2038 355 2103 bellum
377 2040 602 2124 proficiscatur
624 2042 815 2108 decernitur.
849 2044 925 2108 huie
943 2045 977 2108 in
997 2065 1070 2109 con·

62 2128 172 2193 silium
199 2128 317 2192 dantur
343 2128 406 2191 oiri
432 2128 494 2191 duo
524 2150 585 2193 usu
614 2131 835 2215 sapientiaque
864 2130 1068 2216 praestantes

62 2218 216 2300 [quorum
240 2215 375 2280 consilio
403 2219 577 2300 uteretur],
605 2221 700 2301 pater
726 2224 760 2282 et
788 2240 892 2303 socer,
921 2222 1007 2302 quod
1033 2221 1069 2284 in

59 2305 111 2369 his
140 2307 235 2367 tanta
262 2307 333 2366 erat
361 2304 552 2388 auctoritas,
583 2309 621 2369 ut
648 2327 767 2390 magna
794 2327 868 2388 spes
897 2311 983 2370 esset
1009 2328 1068 2388 per

60 2413 115 2458 eos
140 2392 260 2456 amissa
282 2411 378 2475 posse
401 2392 591 2475 recuperari.
628 2392 652 2456 ii
675 2415 748 2457 cum
773 2391 906 2457 Samum
928 2391 1101 2476 profectio

60 2484 170 2545 essent
193 2484 227 2543 et
250 2478 363 2543 eodem
381 2476 502 2543 Chares
525 2480 658 2544 illorum
681 2482 820 2545 adventu
839 2481 971 2566 cognito
993 2502 1067 2545 cum

60 2569 128 2633 suis
152 2567 254 2651 copiis
277 2566 545 2650 proficIsceretur,
567 2590 608 2632 ne
632 2569 709 2652 quid
732 2570 865 2633 absente
884 2590 918 2632 se
937 2572 1066 2654 gestum

58 2656 235 2738 rideretur,
265 2654 395 2738 accidit,
425 2676 499 2719 cum
527 2654 567 2718 ad
592 2657 733 2721 insulam
761 2657 1067 2741 appropinquarent,

57 2748 95 2809 nt
117 2763 239 2828 magna
261 2743 438 2825 tempestas
463 2746 622 2807 oreretur:
655 2766 752 2828 quam
766 2746 901 2810 evitare
929 2746 991 2811 duo
1015 2768 1066 2810 re·

58 2836 144 2897 teres
176 2830 389 2914 imperatores
419 2831 500 2894 utile
530 2831 681 2895 arbitrati
709 2855 801 2897 suam
830 2834 965 2898 classem
993 2856 1065 2918 sup-

56 2923 255 3004 presserunt.
297 2921 332 2982 at
354 2917 410 2981 ille
433 2919 606 2982 temeraria
628 2941 705 2984 usus
728 2922 854 2986 ratione
877 2944 944 2988 non
967 2924 1066 2988 cessit
1084 2938 1099 2987 4

56 3008 219 3072 maiorum
245 3009 326 3071 natu
354 3006 555 3091 auctoritati,
587 3008 676 3072 velut
705 3009 740 3072 in
767 3030 825 3073 sua
854 3033 950 3075 manu
978 3016 1065 3075 esset

56 3095 197 3160 fortuna.
242 3116 306 3177 quo
330 3094 553 3178 contenderat,
575 3096 736 3179 pervenit,
758 3098 934 3182 eodemque
956 3102 994 3161 ut
1017 3118 1064 3161 se·

56 3186 242 3267 querentur,
261 3182 301 3245 ad
314 3181 522 3246 Timotheum
541 3186 574 3246 et
592 3181 777 3267 Iphicraten
795 3185 946 3250 nuntium
964 3184 1063 3248 misit.

54 3270 130 3337 hinc
153 3270 239 3335 male
262 3291 296 3333 re
323 3273 430 3354 gesta,
459 3271 679 3354 compluribus
703 3272 831 3336 amissis
854 3272 991 3336 naribus
1015 3293 1062 3355 eo,

54 3359 137 3423 unde
166 3362 237 3423 erat
264 3357 443 3442 profectus,
473 3379 507 3422 se
540 3359 662 3442 recepit
693 3359 886 3442 litterasque
913 3356 1061 3423 Athenas

54 3447 182 3529 publice
206 3445 306 3529 misit,
330 3445 393 3510 sibi
415 3446 557 3529 proclive
580 3445 680 3510 fuisse
700 3444 834 3511 Samum
857 3467 981 3528 capere,
997 3447 1065 3509 nisi

55 3554 73 3597 a
89 3533 264 3600 Timotheo
282 3536 316 3597 et
332 3532 498 3617 Iphicrate
517 3533 668 3602 desertus
692 3536 794 3600 esset.
825 3533 979 3616 papinus
997 3540 1129 3604 acam
