2400 3922
120 221 163 286 86
410 217 481 272 rm.
501 216 550 271 nu
568 214 733 272 suemus.
761 223 786 271 2.
806 223 822 271 a

83 364 104 430 2
206 361 258 427 Ex
288 360 502 427 Macedonum
534 363 642 424 autem
679 363 776 444 gente
810 358 873 424 duo
906 359 1011 423 multo
1045 361 1126 423 cete-

119 473 173 517 ros
196 452 439 515 antecesserunt
460 469 569 513 rerum
596 450 764 532 gestarum
793 446 912 533 gloria:
944 445 1126 530 Philippus,

118 538 281 622 Amyntae
309 537 410 620 filius,
438 540 471 600 et
498 534 681 599 Alexander
702 533 851 620 Magnus.
896 533 1016 600 hoium
1044 533 1127 597 alter

118 626 285 711 Babylone
309 624 424 689 morbo
447 627 658 706 consumptus
682 626 745 706 est,
774 622 946 706 Philippus
969 621 1085 706 Aegiis
1109 644 1128 684 a

119 713 293 797 Pausania,
321 734 395 778 cum
417 715 600 796 spectatum
621 709 716 776 ludos
738 710 815 794 iret,
843 710 937 774 iuxta
959 709 1127 775 theatrum

43 873 47 879 ,
84 802 246 868 20001000
270 804 329 865 est.
362 821 446 865 unus
464 798 627 883 Epirotes,
649 796 805 882 Pyrrhus,
828 798 884 880 qui
908 820 982 863 cum
1003 799 1126 882 populo

120 889 267 955 Romano
290 888 434 953 bellavit.
469 887 498 951 is
522 907 595 952 cum
612 884 721 971 Argos
744 885 899 970 oppidum
922 889 1128 970 oppugnaret

119 978 155 1042 in
176 976 415 1060 Peloponneso,
442 974 556 1058 lapide,
575 974 660 1038 ictus
688 973 822 1038 interiit.
867 995 951 1038 unus
974 974 1057 1038 item
1081 971 1128 1037 Si-

121 1066 225 1148 culus,
253 1063 430 1145 Dionysius
453 1062 552 1147 prior.
596 1083 673 1126 nam
696 1065 729 1126 et
752 1060 969 1127 manufortis
993 1065 1027 1126 et
1048 1061 1127 1126 belli

120 1153 245 1237 peritus
268 1151 332 1214 fuit
354 1154 396 1234 et,
418 1150 451 1214 id
474 1149 561 1232 quod
583 1150 619 1214 in
640 1153 780 1232 tyranno
802 1171 870 1214 non
891 1148 987 1215 facile
1010 1149 1128 1233 reperi·

121 1243 189 1322 tur,
216 1238 347 1302 minime
370 1237 576 1322 libidinosus,
602 1257 669 1301 non
691 1237 890 1322 luxuriosus,
912 1259 980 1302 non
1002 1258 1127 1320 avarus,

120 1327 241 1391 nullius
269 1325 406 1408 denique
433 1325 481 1389 rei
509 1324 643 1409 cupidus
669 1324 734 1389 nisi
762 1324 936 1410 singularis
965 1325 1128 1410 perpetui·

122 1437 183 1498 que
211 1413 339 1498 imperii
367 1413 409 1478 ob
437 1434 572 1496 eamque
599 1435 668 1477 rem
695 1412 847 1478 crudelis:
878 1435 956 1477 nam
987 1413 1065 1477 dum
1095 1413 1129 1477 id

123 1502 248 1568 studuit
271 1501 410 1586 munire,
431 1501 553 1566 nullius
575 1501 721 1586 pepercit
744 1501 846 1585 vitae,
870 1522 966 1584 quem
989 1501 1058 1567 eius
1082 1501 1128 1565 in·

87 1590 311 1656 asidiatorem
332 1593 473 1674 putaret.
517 1589 571 1654 hic
594 1611 668 1654 cum
690 1588 811 1653 virtute
835 1588 1042 1672 tyrannidem
1064 1589 1129 1654 sibi

119 1679 309 1764 peperisset,
327 1699 446 1764 inagna
460 1677 597 1742 retinuit
610 1676 782 1742 felicitate:
805 1676 910 1741 maior
923 1676 1011 1741 enim
1026 1698 1128 1742 annos

122 1768 291 1852 sexaginta
307 1770 404 1830 natus
423 1765 562 1831 decessit
584 1764 720 1829 florente
739 1785 848 1850 regno.
882 1786 986 1848 neque
1005 1765 1041 1829 in
1059 1769 1128 1829 tam

122 1855 235 1920 multis
254 1854 346 1918 annis
366 1854 556 1935 cuiusquam
574 1873 613 1916 ex
632 1873 690 1916 sua
709 1852 810 1936 stirpe
828 1851 926 1918 funus
940 1852 1032 1936 vidit,
1054 1874 1129 1918 cum

122 1963 161 2006 ex
184 1941 289 2020 tribus
307 1940 462 2003 uxoribus
480 1939 600 2004 liberos
618 1944 823 2023 procreasset
836 1940 996 2023 multique
1011 1940 1041 2004 ei
1056 1941 1129 2005 nati

123 2033 233 2092 essent
253 2031 397 2110 nepotes.

87 2115 108 2180 3
209 2113 355 2179 Fuerunt
386 2118 555 2198 praeterea
581 2116 693 2202 magni
724 2137 818 2201 reges
847 2137 886 2180 er
913 2115 1027 2180 amicis
1054 2114 1129 2180 Ale·

122 2202 236 2268 xandri
254 2201 376 2288 Magni,
399 2203 455 2286 qui
477 2207 553 2288 post
576 2204 703 2268 obitum
722 2203 791 2268 eius
809 2204 947 2288 imperia
966 2207 1129 2288 ceperimt,

122 2293 157 2356 in
171 2291 217 2356 eis
231 2289 417 2376 Antigonus
431 2295 466 2356 et
477 2290 574 2356 huius
588 2290 676 2356 filius
690 2289 886 2376 Demetrius,
904 2289 1130 2375 Lysimachus,

88 2378 290 2465 aSeleucus,
316 2378 534 2445 Ptolemaeus.
578 2401 617 2444 ex
643 2379 695 2443 his
718 2377 904 2464 Antigonus
931 2379 967 2443 in
993 2379 1130 2463 proelio,

123 2489 197 2533 cum
219 2468 373 2533 adversus
393 2466 562 2532 Seleucum
580 2471 614 2532 et
631 2465 863 2552 Lysimachum
881 2467 1061 2552 dimicaret,
1080 2489 1130 2533 oc·

121 2556 209 2621 cisus
224 2561 283 2621 est.
314 2556 386 2641 pari
399 2556 466 2621 leto
481 2555 616 2621 affectus
630 2558 681 2620 est
696 2553 910 2639 Lysimachus
924 2555 965 2619 ab
982 2553 1130 2621 Seleuco:

122 2666 262 2728 namque
285 2644 441 2710 societate
464 2643 623 2709 dissoluta
644 2642 768 2707 bellum
789 2643 876 2707 inter
893 2664 928 2707 se
949 2647 1131 2728 gesserimt

85 2736 159 2796 cat
188 2730 391 2816 Demetrius,
422 2753 496 2797 cum
526 2732 629 2797 filiam
662 2753 754 2796 suam
788 2729 921 2796 Seleuco
952 2731 989 2795 in
1021 2732 1131 2796 matri-

107 2819 269 2883 'monium
291 2819 433 2883 dedisset
454 2841 558 2903 neque
582 2841 620 2884 eo
643 2819 748 2904 magis
771 2818 836 2883 fida
865 2819 951 2883 inter
973 2839 1030 2884 eos
1054 2819 1132 2884 ami-

125 2905 203 2971 citia
225 2926 354 2969 manere
377 2907 548 2992 potuisset,
571 2910 685 2991 captus
708 2906 795 2971 bello
818 2907 854 2971 in
872 2906 1022 2972 custodia
1040 2928 1132 2973 socer

89 2994 236 3080 ageneri
266 2992 365 3077 periit
397 3015 416 3057 a
443 2994 566 3058 morbo.
615 3015 719 3077 neque
751 2994 799 3058 ita
832 2994 936 3059 multo
968 2999 1046 3078 post
1079 2993 1133 3059 Se

124 3083 234 3148 leucus
250 3078 469 3146 aPtolemaeo
484 3080 631 3148 Cerauno
650 3082 725 3146 dolo
744 3081 936 3147 interfectus
956 3086 1016 3166 est,
1036 3105 1133 3167 quem

123 3171 180 3237 ille
212 3193 232 3235 a
262 3173 356 3255 patre
388 3169 558 3254 expulsum
584 3169 789 3235 Alexandrea
821 3170 1002 3235 alienarum
1034 3186 1141 3255 opum·

124 3259 325 3346 indigentem
351 3262 526 3342 receperat.
571 3252 657 3343 ipse'
670 3261 781 3322 autem
807 3257 1030 3341 Ptolemaeus,
1060 3279 1135 3323 cum

85 3405 88 3409 .
122 3347 216 3413 rivus
238 3347 308 3412 filio
331 3367 468 3433 regnum
490 3346 688 3431 tradidisset,
711 3346 752 3410 ab
775 3345 832 3411 illo
852 3346 965 3411 eodem
983 3346 1054 3411 vita
1070 3347 1136 3430 pri·

121 3439 221 3500 ratus
245 3435 372 3501 dicitur.

70 3532 95 3579 ὅ
199 3521 259 3585 De
278 3523 402 3607 quibus
424 3522 583 3610 quoniam
612 3521 695 3588 satis
723 3520 849 3588 dictum
872 3525 1041 3604 putamus,
1068 3543 1137 3586 non
