2400 3922
348 223 448 280 XVIII.
467 223 648 281 numanus
677 231 717 281 12.
738 233 778 282 13.
1030 227 1071 292 79

64 373 172 434 castra
199 373 419 454 moverentur,
446 369 603 436 insciente
632 370 799 456 Antigono
827 372 992 457 iugulatus
1021 377 1072 437 est

64 479 83 520 a
106 457 305 522 custodibus.

154 543 208 610 Sic
234 544 397 610 Eumenes
426 567 584 610 annorum
612 547 753 630 quinque
782 551 816 612 et
847 547 1072 634 quadraginta,
1085 549 1123 613 13

64 655 137 698 cum
161 634 202 697 ab
226 654 309 697 anno
333 634 497 718 vicesimo,
520 635 569 699 nti
593 656 691 718 supra
714 635 923 720 ostendimus,
947 639 1072 718 septem

64 743 165 786 annos
180 720 333 805 Philippo
348 722 562 806 apparuisset,
580 722 736 788 tredecim
753 723 837 807 apud
851 723 1072 788 Alexandrum

64 810 200 874 eundem
223 810 331 874 locum
354 810 560 894 obtinuisset,
583 811 688 876 ineis
711 833 812 876 unum
835 811 983 895 equitum
1001 811 1071 876 alae

62 897 268 982 praefuisset,
289 902 366 981 post
390 901 498 963 autem
516 897 693 965 Alexandri
716 897 829 985 Magni
852 903 992 964 mortem
1014 900 1072 963 im·

62 990 195 1070 perator
227 986 386 1051 exercitus
418 986 563 1052 duxisset
591 1009 798 1071 summosque
827 988 923 1053 duces
950 987 1072 1072 partim

62 1074 268 1159 reppulisset,
290 1075 412 1157 partim
434 1075 665 1160 interfecisset,
688 1081 802 1160 captus
824 1097 890 1141 non
912 1074 1072 1161 Antigoni

62 1162 194 1247 virtute,
217 1163 273 1227 sed
291 1161 505 1228 Macedonum
527 1163 669 1246 periurio
693 1164 793 1228 talem
815 1164 931 1228 habuit
948 1164 1071 1229 exitum

62 1250 158 1315 11100.
204 1251 239 1314 in
266 1272 330 1333 quo
358 1254 481 1333 quanta
510 1251 654 1315 onmium
683 1251 783 1316 fuerit
810 1253 920 1335 opinio
949 1267 1105 1335 eorum,2

63 1338 120 1422 qui
146 1342 223 1422 post
246 1337 467 1402 Alexandrum
494 1337 651 1423 Magnum
680 1359 773 1423 reges
802 1343 877 1403 sunt
904 1338 1071 1424 appellati,

63 1449 101 1492 011
124 1427 187 1492 hoc
210 1425 364 1490 facillime
387 1429 499 1507 potest
521 1424 670 1509 iudicari,
698 1426 797 1509 quod,
823 1443 953 1507 quoram
974 1448 1070 1492 nemo

61 1514 208 1579 Eumene
227 1514 301 1578 1110
320 1533 377 1576 rex
396 1512 578 1595 appellatus
597 1517 656 1596 est,
680 1513 736 1577 sed
754 1512 946 1598 praefectus,
967 1514 1071 1578 eidem
1089 1531 1105 1578 3

60 1606 140 1686 post
166 1601 263 1665 huius
293 1620 443 1664 occasum
472 1599 585 1664 statim
612 1601 739 1685 regium
762 1603 914 1664 ornatum
941 1622 1072 1664 nomen-

62 1713 125 1774 que
156 1691 364 1771 sumpserunt
390 1708 509 1772 neque,
536 1688 622 1771 quod
651 1687 747 1752 initio
771 1688 1010 1771 praedicarant,
1037 1708 1071 1752 se

62 1776 241 1844 Alexandri
263 1776 374 1840 liberis
398 1796 535 1861 regnum
556 1798 693 1861 servare,
715 1779 882 1860 praestare
901 1776 1073 1841 voluerunt

63 1871 96 1932 et
123 1866 177 1930 hoc
203 1886 267 1929 uno
295 1868 536 1950 propugnatore
564 1865 693 1929 sublato
717 1864 795 1947 quid
817 1865 978 1930 sentirent
1001 1885 1073 1947 ape·

63 1957 206 2019 ruerunt.
251 1952 348 2016 huius
372 1953 503 2018 sceleris
531 1952 694 2037 principes
722 1951 853 2018 fuerunt
875 1952 1072 2038 Antigonus,

63 2042 280 2124 Ptolemaeus,
304 2037 466 2125 Seleucus,
489 2038 712 2125 Lysimachus,
736 2039 944 2106 Cassandrus.
978 2040 1106 2105 Anti-4

64 2152 168 2218 gonus
192 2132 301 2194 autem
324 2127 504 2193 Eumenem
526 2132 692 2193 mortuum
717 2128 908 2212 propinquis
932 2129 1000 2194 eius
1025 2150 1072 2194 00-

63 2217 248 2305 peliendum
271 2216 415 2280 tradidIt
451 2215 475 2279 ii
498 2215 634 2279 militari
656 2215 859 2299 honestoque
878 2217 999 2300 funere,
1023 2238 1072 2282 co

64 2309 203 2372 mitante
236 2308 308 2370 toto
340 2302 496 2386 exercitu,
527 2303 745 2368 humaverrmt
776 2324 913 2386 ossaque
941 2304 1009 2366 eius
1037 2305 1072 2366 in

65 2394 304 2480 Cappadociam
318 2392 357 2456 ad
376 2395 515 2456 matrem
534 2395 631 2473 atque
649 2411 783 2455 uxorem
800 2390 985 2472 liberosque
1004 2389 1072 2454 eius

64 2481 265 2568 deportanda
288 2484 450 2546 curarunt.

391 2781 486 2854 XIX.
518 2780 736 2854 PHOOION.

154 2921 300 2987 Phocion
322 2920 531 2986 Atheniensis
555 2919 617 2984 etsi
641 2940 736 3003 saepe
759 2917 954 2983 exercitibus
982 2939 1071 3002 prae·
1093 2919 1108 2980 1

64 3012 130 3076 fuit
152 3031 359 3093 summosque
382 3009 595 3094 magistratus
619 3008 718 3091 cepit,
741 3011 852 3072 tamen
874 3006 979 3071 multo
1003 3007 1071 3071 eius

63 3099 175 3164 notior
202 3102 254 3164 est
279 3097 451 3183 integritas
479 3096 566 3160 vitae
593 3117 691 3178 quam
718 3096 765 3161 rei
793 3094 946 3176 militaris
969 3094 1071 3156 labor.

63 3189 175 3271 itaque
198 3187 294 3251 huius
318 3183 476 3249 memoria
498 3187 549 3248 est
570 3183 674 3265 nulla,
703 3183 791 3247 illius
820 3185 929 3245 autem
953 3199 1072 3262 magna

63 3276 166 3360 fama,
194 3297 233 3339 ex
260 3295 324 3357 quo
349 3271 539 3358 cognomine
562 3270 673 3335 Bonus
697 3275 747 3335 est
770 3269 962 3353 appellatus.
1007 3265 1106 3329 suita

64 3364 152 3430 enim
179 3366 336 3447 perpetuo
364 3381 500 3444 pauper,
528 3380 601 3423 cum
629 3357 842 3422 divitissimus
866 3375 937 3418 0000
960 3357 1072 3437 000001

62 3455 200 3537 0100101
218 3451 404 3534 frequentes
423 3447 548 3511 delatos
567 3446 706 3509 honores
725 3446 969 3529 potestatesque
988 3462 1072 3505 sum-

63 3562 149 3624 mas,
183 3561 264 3622 quae
291 3539 320 3603 01
348 3560 368 3602 0
392 3536 517 3622 0001110
545 3534 722 3601 dabantur.
764 3532 828 3597 1110
860 3550 943 3593 cum
965 3549 992 3588 a
1012 3535 1140 3599 aegea
