2400 3922
112 211 154 276 18
419 209 468 266 1v;
486 207 698 264 Pausanias.
727 216 752 264 4.
772 216 797 265 s.

111 355 224 420 eodem
247 355 339 419 missi
367 358 474 440 erant,
502 353 610 419 uincla
632 353 791 438 epistulae
814 354 986 419 laxavit
960 375 1117 441 srgnoque

111 445 257 509 detracto
277 442 440 530 cognovit,
463 463 492 506 ει
482 441 709 526 pertulisset,
732 441 796 506 sibi
815 463 886 507 esse
908 443 1117 526 pereundum

76 535 206 596 aerant
223 531 259 595 in
277 531 389 596 eadem
407 529 548 615 epistula
571 550 653 612 quae
677 529 717 594 ad
735 551 774 594 ea
795 530 1021 614 pertinebant,
1037 553 1117 616 quae

110 621 196 685 inter
218 640 329 705 regem
350 617 610 701 Pausaniamque
634 622 859 683 conuenerant
904 618 964 683 has
987 619 1044 684 ille
1067 620 1118 684 lit

76 723 92 771 s
110 712 198 773 teras
222 707 352 791 ephoris
375 705 519 770 tradidit.
554 726 621 770 non
643 709 695 770 est
715 707 951 791 praetereunda
973 709 1117 792 gravitas

110 794 440 861 Lacedaemoniorum
470 793 534 859 hoc
564 795 646 858 loco.
691 815 767 859 nam
793 816 835 859 ne
861 794 958 859 huius
987 796 1118 878 quidem

110 884 230 949 indicio
256 881 390 965 impulsi
417 885 495 947 sunt
521 885 559 946 ut
582 880 777 947 Pausaniam
800 881 1118 968 comprehenderent,

109 993 215 1056 neque
231 970 322 1054 prius
336 969 404 1034 rim
422 969 638 1035 adhibendam
654 974 862 1055 putaverunt,
881 992 980 1054 quam
994 992 1029 1035 se
1048 972 1117 1056 ipse

44 1064 45 1067 ’
75 1073 92 1122 4
110 1060 293 1124 mdreasset
327 1057 439 1141 itaque
456 1057 533 1123 huic
550 1057 658 1142 indici,
681 1058 759 1141 quid
781 1058 853 1123 fieri
875 1059 1006 1144 vellent,
1028 1081 1117 1143 prae·

110 1148 273 1229 ceperunt.
317 1144 430 1210 fanum
456 1145 604 1229 Neptuni
631 1149 682 1211 est
709 1145 860 1231 Taenari,
888 1147 975 1230 quod
1001 1147 1117 1213 violari

109 1233 201 1299 nefas
223 1237 343 1317 putant
366 1230 490 1298 Graeci
533 1255 571 1298 eo
594 1233 650 1298 ille
675 1234 797 1316 [index]
822 1234 1002 1321 confugit
992 1257 1028 1299 ιιι
1050 1257 1117 1300 ara-

111 1344 173 1406 que
197 1321 351 1388 consedit
395 1322 479 1387 hane
502 1322 594 1386 iuxta
620 1322 728 1386 locum
755 1322 902 1388 fecerunt
932 1323 991 1387 sub
1021 1328 1117 1408 terra,

110 1432 150 1475 ex
172 1432 236 1494 quo
259 1413 372 1493 posset
394 1410 553 1493 exaudiri,
583 1410 611 1474 si
634 1411 706 1494 quis
730 1411 809 1494 quid
831 1412 1022 1496 loqueretur
1044 1433 1117 1477 cum

75 1499 247 1586 oArgilio.
287 1498 351 1563 hue
374 1519 414 1564 ex
435 1498 566 1582 ephoris
594 1499 726 1582 quidam
753 1500 995 1564 descendenmt.
1036 1498 1117 1565 Pau-

110 1588 231 1671 sanias,
253 1591 292 1651 ut
316 1586 440 1652 audivit
461 1586 628 1673 Argilium
652 1586 836 1674 confugisse
858 1588 894 1652 in
917 1609 1021 1672 aram,
1047 1610 1116 1672 per-

109 1677 262 1741 turbatus
285 1676 375 1740 venit
397 1696 444 1740 eo.
491 1696 587 1758 quem
616 1695 689 1739 cum
718 1676 897 1760 supplicem
919 1676 971 1740 dei
993 1675 1117 1741 videret

108 1765 144 1829 in
167 1786 223 1829 ara
246 1764 421 1846 sedentem,
443 1762 585 1846 quaerit,
608 1784 724 1827 causae
747 1764 825 1848 quid
848 1764 893 1828 sit
915 1767 984 1828 tam
1007 1785 1117 1849 repen-

109 1853 171 1916 tini
199 1850 335 1917 consilli
379 1849 456 1914 huie
482 1849 552 1933 ille,
582 1850 659 1932 quid
686 1872 726 1915 ex
752 1851 873 1917 litteris
897 1852 1116 1936 comperisset,

75 1953 91 2000 e
110 1939 325 2038 aperitque
344 1936 448 2022 magis
466 1936 645 2003 Pausanias
663 1941 874 2022 perturbatus
893 1960 986 2004 orare
1000 1941 1116 2024 coepit,

109 2039 149 2091 ne
164 2023 349 2091 enuntiaret
365 2046 429 2090 neu
450 2046 485 2090 se
504 2025 657 2091 meritum
675 2029 714 2091 de
732 2028 790 2092 illo
809 2028 932 2110 optime
950 2027 1116 2111 proderet:

111 2114 227 2198 quodsi
250 2135 321 2177 eam
339 2113 467 2178 veniam
486 2114 549 2179 sibi
568 2114 710 2179 dedisset
728 2116 811 2180 tant
802 2137 894 2199 1sque
912 2115 1116 2199 implicatum

109 2204 207 2268 rebus
231 2202 442 2286 sublevasset,
465 2223 583 2289 magno
607 2203 637 2267 ei
658 2204 803 2287 praemio
826 2204 983 2268 futurum.

74 2288 96 2354 5
197 2289 259 2356 His
277 2291 374 2355 rebus
393 2253 508 2375 ephori
526 2291 666 2378 cognitis
685 2292 789 2356 satius
806 2292 992 2376 putarunt
983 2313 1019 2356 ιιι
1036 2293 1116 2357 urbe

109 2402 184 2446 eam
207 2379 444 2464 comprehendi.
490 2401 554 2465 quo
578 2401 652 2445 cum
674 2384 784 2445 essent
812 2379 952 2463 profecti
979 2384 1017 2445 et
1036 2380 1116 2446 Pau·

110 2470 217 2535 sanias
240 2468 370 2553 placato
388 2466 527 2555 Argilio,
549 2472 588 2533 ut
604 2491 650 2552 pu
651 2469 752 2553 tabat,
775 2467 1052 2533 Lacedaemonem
1070 2491 1116 2532 re

110 2562 304 2642 verteretur,
331 2557 366 2621 in
392 2556 523 2643 itinere,
550 2578 624 2622 cum
650 2557 717 2620 iam
743 2557 779 2620 in
801 2579 839 2621 eo
862 2559 950 2621 esset
971 2561 1010 2621 ut
1032 2578 1116 2621 com-

109 2646 375 2731 prehenderetur,
407 2665 447 2709 ex
475 2607 568 2710 vultu
600 2645 767 2710 cuiusdam
795 2644 923 2729 ephori,
954 2645 1011 2729 qui
1043 2667 1116 2710 eum

75 2747 91 2796 a
111 2733 277 2798 admoneri
296 2731 456 2815 cupiebat,
473 2731 608 2797 insidias
627 2732 691 2797 eibi
709 2732 781 2797 fieri
798 2733 968 2798 intellexit
1005 2732 1116 2816 itaque

109 2820 221 2906 paucis
245 2822 320 2882 ante
343 2819 512 2904 gradibus,
535 2840 632 2903 quam
654 2821 711 2904 qui
734 2843 809 2885 eum
831 2821 1011 2906 sequebant
1012 2842 1117 2905 ur,m

111 2909 222 2973 aedem
249 2905 427 2993 Minervae,
450 2928 531 2990 quae
554 2906 757 2974 Chalcioicos
779 2913 928 2994 vocatur,
960 2908 1116 2994 confugit.

109 2996 187 3061 hinc
208 3016 249 3059 ne
273 2995 359 3060 exire
381 2999 503 3080 posset,
528 2996 642 3060 statim
665 2996 779 3080 ephori
800 2997 911 3063 valvas
935 2997 1004 3061 eius
1028 2997 1116 3061 aedis

111 3085 344 3150 obstruxenmt
371 3086 558 3170 tectumque
585 3088 663 3149 sunt
689 3083 837 3150 demoliti
825 3108 851 3171 1,
885 3106 949 3169 quo
980 3084 1116 3150 celerius

76 3175 172 3239 asub
196 3172 270 3237 diuo
299 3171 457 3237 interiret.
502 3172 621 3238 dieitur
644 3193 683 3236 eo
706 3176 852 3258 tempore
876 3177 1015 3238 matrem
1037 3172 1118 3237 Pau-

112 3262 220 3328 saniae
243 3259 363 3326 vixisse
386 3281 520 3344 eamque
543 3261 609 3325 iam
632 3282 750 3348 magno
772 3266 862 3347 natu,
884 3265 1061 3345 postquam
1079 3261 1117 3324 de

111 3352 232 3417 scelere
254 3348 315 3413 filii
338 3348 505 3433 comperit,
527 3348 699 3434 inprimis
723 3350 763 3414 ad
781 3350 887 3414 filium
906 3349 1118 3414 claudendum

76 3439 252 3523 elapidem
275 3438 317 3503 ad
338 3436 510 3503 introitum
533 3437 621 3502 aedis
645 3438 804 3503 attulisse.
839 3438 894 3503 hio
913 3458 987 3502 eum
1005 3437 1119 3501 semia·

100 3526 208 3588 nimis
227 3527 269 3590 de
293 3527 417 3614 templo
435 3525 540 3591 elatus
560 3530 655 3611 esset,
678 3525 850 3592 confestim
868 3525 1011 3590 animam
1033 3524 1119 3589 effia-
