2400 3922
137 239 180 304 32
410 236 484 293 VIII.
503 235 777 292 THRASYBULUS.
805 244 831 293 1.
849 244 875 293 2.

137 404 198 466 que
222 383 291 448 iure
315 402 374 448 suo
396 382 552 447 nonnulla
575 383 616 447 ab
644 382 841 466 imperatore
869 382 977 467 miles,
997 384 1146 468 ‚plurima

136 493 213 536 vero
245 470 377 536 fortuna
407 469 551 535 vindicat
577 490 685 554 seque
716 471 769 535 his
801 470 875 554 plus
903 471 1044 536 valuisse
1072 494 1145 538 vere
1195 542 1196 547 ,

101 563 247 643 epotest
282 558 477 645 praedicare.
526 579 631 624 oerum
667 558 749 623 illud
785 558 1145 644 magnificentissimum

135 646 260 712 factum
286 647 455 731 proprium
482 651 532 711 est
554 646 760 730 Thrasybuli.
804 668 881 711 nam
904 668 977 712 eum
1008 649 1146 736 triginta

136 735 267 820 tyranni
294 733 473 819 praepositi
496 756 516 798 a
538 732 802 799 Lacedaemoniis
831 735 988 800 servitute
1016 758 1146 822 oppres·

136 845 188 888 sas
213 826 362 888 tenerent
379 821 537 906 Athenas,
559 822 718 905 plurimos
742 822 837 908 cives,
861 823 979 906 quibus
1003 824 1039 889 in
1058 826 1145 891 bello

135 915 284 996 parserat
315 911 462 994 fortuna,
497 910 619 993 partim
650 909 759 995 patria
791 911 992 994 expulissent
1023 914 1145 998 partim

135 999 385 1082 interfecissent,
407 997 623 1083 plurimorum
645 999 733 1063 bona
754 998 924 1082 publicata
942 999 1030 1064 inter
1048 1023 1084 1066 se
1102 1001 1146 1067 di·

135 1088 302 1170 visissent,
324 1107 391 1150 non
414 1085 519 1150 solum
542 1087 706 1171 princeps,
735 1087 791 1151 sed
814 1086 914 1152 etiam
936 1087 1026 1153 solus
1050 1089 1144 1155 initio

136 1175 259 1238 bellum
280 1174 321 1238 iis
344 1173 471 1238 indixit.

101 1263 123 1328 2
224 1261 288 1327 Hic
321 1262 407 1327 enirn
444 1284 518 1327 cum
554 1261 680 1345 Phylen
717 1262 935 1348 confugisset,
972 1264 1058 1348 quod
1095 1269 1145 1330 est

136 1351 307 1416 castellum
333 1350 367 1415 in
395 1349 508 1415 Attica
534 1349 805 1437 munitissimum,
834 1373 901 1416 non
927 1351 1001 1435 plus
1029 1352 1145 1419 habuit

136 1460 246 1505 secum
268 1439 407 1525 triginta
429 1439 468 1503 de
492 1439 568 1503 suis.
602 1438 665 1504 hoc
687 1439 819 1504 initium
842 1439 906 1505 fuit
924 1440 1040 1506 salutis
1059 1440 1145 1506 Atti-

100 1543 257 1613 anorum,
279 1528 342 1593 hoc
365 1528 466 1592 robur
488 1527 652 1592 libertatis
677 1527 877 1593 clarissimae
901 1527 1053 1594 civitatis.
1094 1551 1146 1594 ne·

137 1638 198 1700 que
225 1639 302 1682 vero
330 1616 384 1682 hie
410 1638 477 1681 non
505 1618 711 1698 contemptus
739 1619 790 1680 est
816 1616 922 1699 primo
951 1638 970 1680 a
996 1617 1145 1700 tyrannis

137 1709 234 1788 atque
262 1706 331 1770 eius
359 1701 510 1769 solitudo.
557 1725 639 1786 quae
663 1703 794 1785 quidem
816 1725 868 1768 res
891 1707 924 1768 et
953 1703 1047 1786 [illis]
1073 1726 1146 1771 eon·

136 1793 357 1858 temnentibus
385 1791 540 1875 perniciei
568 1793 601 1854 et
631 1790 732 1871 [huic]
762 1792 913 1876 despecto
938 1792 1037 1856 saluti
1066 1792 1145 1859 fuit:

136 1881 257 1944 etenim
280 1880 355 1942 illos
375 1898 490 1962 segnes
510 1878 550 1940 ad
568 1879 834 1964 persequendum,
856 1879 917 1944 hos
936 1883 1146 1949 autemtem·

100 1983 214 2051 apore
247 1966 287 2030 ad
320 1965 572 2048 comparandum
604 1964 681 2029 dato
713 1966 792 2032 feeit
823 1967 1034 2033 robustiores.
1080 1991 1145 2054 quo

136 2053 241 2138 magis
264 2057 474 2137 praeceptum
496 2053 578 2117 illud
597 2053 742 2118 omnium
760 2055 796 2119 in
814 2055 931 2120 animis
950 2077 1021 2121 esse
1040 2056 1146 2142 debet,

135 2141 218 2206 nihil
245 2142 280 2205 in
307 2141 393 2205 bello
423 2144 572 2224 oportere
600 2143 778 2226 contemni,
808 2164 913 2226 neque
945 2143 1015 2208 sine
1048 2166 1146 2210 causa

101 2230 256 2296 edicitur
279 2233 417 2294 matrem
440 2229 548 2295 timidi
570 2230 647 2294 flere
670 2252 737 2295 non
759 2231 871 2296 solere.
906 2252 1012 2315 neque
1035 2235 1146 2298 tamen

137 2340 196 2402 pro
221 2318 372 2403 opinione
395 2317 591 2403 Thrasybuli
615 2322 729 2383 auctae
753 2323 830 2384 sunt
853 2341 943 2404 opes:
975 2342 1052 2384 narn
1079 2321 1144 2387 iarn

138 2409 236 2489 [turn]
264 2407 331 2471 illis
359 2407 562 2491 temporibus
590 2406 709 2471 fortius
736 2407 815 2472 boni
841 2429 901 2491 pro
924 2407 1078 2474 libertate
1101 2409 1145 2474 lo

100 2510 117 2561 t
137 2497 320 2580 quebantur
340 2516 437 2579 quam
459 2497 659 2582 pugnabant.
695 2495 771 2560 hinc
789 2496 825 2560 in
842 2493 994 2561 Piraeum
1012 2497 1146 2562 transiit

136 2583 400 2668 Munichiamque
423 2584 571 2648 munivit.
616 2584 700 2648 hanc
727 2584 778 2649 bis
802 2584 933 2667 tyranni
957 2606 1145 2672 oppugnare

136 2678 213 2736 sunt
245 2672 365 2755 adorti,
397 2672 438 2735 ab
471 2694 571 2755 eaque
603 2672 744 2755 turpiter
775 2670 898 2756 repulsi
928 2674 1080 2756 protinus
1112 2675 1146 2738 in

100 2777 116 2826 e
135 2761 250 2823 urbem
265 2759 364 2822 armis
378 2758 683 2842 impedimentisque
699 2760 828 2825 amissis
842 2759 1041 2847 refugerunt.
1066 2784 1144 2828 usus

136 2851 187 2910 est
209 2845 433 2928 Thrasybulus
460 2868 526 2911 non
554 2847 661 2911 minus
690 2848 863 2930 prudentia
890 2870 989 2932 quam
1016 2849 1145 2915 fortitu·

136 2934 218 2998 dine.
254 2955 330 2997 nam
350 2933 498 2999 cedentes
517 2934 633 2999 violari
657 2935 762 3000 vetuit
785 2934 885 3021 (cives
910 2937 997 3001 enim
1020 2937 1145 3006 civibus

135 3042 266 3106 parcere
289 3043 428 3105 aequum
451 3021 627 3108 censebat),
649 3044 753 3106 neque
776 3025 950 3109 quisquam
969 3029 1019 3090 est
1037 3026 1146 3091 vulne·

135 3115 225 3176 ratus
244 3109 308 3175 nisi
327 3110 383 3194 qui
402 3111 492 3193 prior
509 3112 701 3196 impugnare
716 3113 829 3177 voluit.
860 3113 1022 3178 neminem
1041 3115 1140 3180 iacen·

135 3205 203 3265 tem
225 3201 315 3264 veste
338 3199 501 3282 spoliavit,
523 3199 571 3263 nil
595 3199 709 3285 attigit
731 3201 795 3265 nisi
819 3223 917 3286 arma,
941 3224 1081 3286 quorum
1098 3203 1145 3267 in·

99 3289 276 3375 adigebat,
300 3308 445 3371 quaeque
469 3288 509 3351 ad
531 3288 654 3352 victum
682 3290 900 3372 pertinebant.
945 3290 1143 3356 insecundo

134 3377 259 3460 proelio
283 3377 399 3441 cecidit
422 3375 555 3460 Critias,
578 3377 651 3440 dun¹
665 3381 894 3462 tyrannorum,
917 3401 991 3444 cum
1014 3379 1144 3463 quidem

130 3466 288 3528 adversm
311 3465 551 3550 Thrasybulum
572 3464 752 3530 fortissime
775 3470 944 3552 pugnaret.

71 3545 102 3603 3
202 3548 282 3614 Hoc
304 3553 438 3621 deiecto
460 3553 647 3622 Pausanias
670 3554 763 3620 uenit
785 3552 907 3620 Atticis
928 3555 1069 3638 auxilio,
1087 3577 1143 3620 rex
