2400 3922
113 239 155 300 14
413 232 448 288 11.
467 231 749 288 runnrsrocoos
781 239 821 287 ιο.

110 376 214 464 bant),
228 377 444 461 Lampsacum
459 380 576 459 autem,
590 377 673 440 unde
682 375 794 440 vinum
809 381 959 462 sumeret,
972 377 1122 464 Myunta,

111 488 150 531 ex
173 489 237 550 qua
260 465 432 530 obsonium
454 464 599 528 haberet.

198 553 304 619 Huius
332 553 373 618 ad
398 555 546 617 nostram
573 552 765 616 memoriam
792 558 1002 618 monumenta
1030 577 1119 620 man·

111 646 224 707 serunt
247 643 324 705 duo:
348 640 532 724 sepulcrum
554 661 654 722 prope
678 639 841 724 oppidum,
864 642 982 725 inquo
1003 647 1054 706 est
1073 665 1119 707 se-

75 732 231 814 rpultus,
250 733 361 793 statua
377 728 413 791 in
430 726 502 791 foro
516 725 712 813 Magnesiae.
745 728 783 792 de
803 729 893 793 cuius
913 733 1018 793 morte
1038 731 1119 794 mul-

111 818 243 883 timodis
267 817 352 900 apud
374 815 546 898 plerosque
570 815 806 899 scriptumest,
830 817 1119 882 sednoseunde'm

110 907 318 990 potissimum
331 902 551 986 Thucydidem
566 906 732 966 auctorem
750 903 936 988 probamus,
956 926 1012 987 qur
1002 904 1120 970 illum

112 994 159 1058 ait
188 992 376 1076 Magnesiae
409 991 522 1055 morbo
555 994 720 1054 mortuum
751 1012 855 1090 neque
887 995 987 1077 negat
1019 992 1120 1058 foisse

111 1081 241 1163 famam,
263 1098 423 1143 venenum
446 1099 505 1142 sua
528 1081 643 1161 sponte
666 1079 853 1163 sumpsisse,
876 1101 949 1144 cum
970 1101 1014 1164 se,
1038 1102 1120 1164 quae

111 1168 182 1252 regi
205 1167 244 1230 de
264 1164 401 1230 Graecia
420 1165 629 1249 opprimenda
650 1167 817 1249 pollicitus
836 1171 932 1250 esset,
954 1173 1121 1251 praestare

77 1273 206 1338 eposse
237 1254 431 1337 desperaret.
477 1253 563 1317 idem
586 1274 661 1318 ossa
684 1254 753 1317 eius
777 1255 893 1319 elam
884 1277 919 1319 1n
941 1254 1056 1321 Attica
1079 1258 1120 1320 ab

112 1342 225 1406 amicis
240 1341 376 1425 sepulta,
391 1341 544 1425 quoniam
557 1341 685 1426 legibus
699 1363 766 1407 non
779 1342 1017 1428 concederetur,
1034 1343 1121 1427 quod

111 1429 305 1514 proditionis
328 1433 415 1494 esset
437 1430 619 1514 damnatus,
642 1431 817 1495 memoriae
840 1430 991 1512 prodidit.

442 1731 506 1801 111.
533 1727 792 1800 ARISTIDES.

76 1873 91 1934 1
201 1866 376 1946 Aristides,
398 1862 585 1948 Lysimachi
607 1863 708 1946 filius,
731 1862 952 1946 Atheniensis,
977 1867 1123 1947 aequalis

111 1956 178 2019 lere
200 1953 265 2018 fuit
282 1949 495 2016 Themistocli
518 1955 616 2034 atque
635 1972 709 2016 cum
727 1972 765 2016 eo
784 1951 822 2015 de
840 1951 1030 2034 principatu
1050 1974 1123 2018 con-

76 2041 231 2109 atendit:
271 2059 410 2122 namque
434 2039 660 2104 obtrectarrmt
682 2039 769 2104 inter
792 2060 835 2103 se.
879 2039 915 2101 in
936 2039 988 2104 his
1012 2045 1123 2106 autem

112 2128 280 2213 cognitum
308 2131 373 2211 est,
401 2130 523 2209 quanto
552 2130 732 2192 antestaret
760 2128 947 2210 eloquentia
972 2128 1123 2193 innocen-

112 2216 186 2279 tiae.
232 2236 428 2298 quamquam
452 2215 538 2279 enim
561 2216 640 2279 adeo
664 2216 843 2281 excellebat
866 2213 1027 2279 Aristides
1052 2217 1123 2281 abs-

112 2303 266 2386 tinentia,
297 2307 335 2367 ut
362 2324 444 2367 unus
476 2306 553 2387 post
586 2303 756 2369 hominum
788 2303 995 2386 memoriam,
1025 2324 1121 2385 quem

114 2392 244 2476 quidem
265 2412 325 2456 nos
349 2390 560 2476 audierimus,
588 2393 780 2477 cognomine
808 2390 918 2455 Iustus
947 2391 992 2455 sit
1015 2390 1122 2474 appel-

113 2481 214 2565 latus,
240 2484 351 2546 tamen
373 2502 393 2544 a
415 2478 635 2545 Themistocle
658 2478 890 2544 collabefactus
914 2478 1036 2542 testula
1065 2479 1123 2542 illa

78 2586 93 2633 3
113 2569 210 2633 exilio
233 2569 343 2634 decem
367 2589 525 2632 annorum
548 2568 706 2632 multatus
725 2570 784 2630 est.
824 2566 1029 2649 quiquidem
1049 2587 1123 2631 cum

112 2657 318 2741 intellegeret
331 2655 464 2737 reprimi
479 2656 675 2719 concitatam
685 2653 928 2718 multitudinem
937 2674 1005 2717 non
1017 2675 1123 2736 posse,

114 2745 292 2824 cedensque
312 2741 594 2805 animadvertisset
613 2741 773 2824 quendam
788 2741 994 2824 scribentem,
1013 2744 1051 2805 ut
1069 2763 1123 2824 pa·

113 2831 178 2894 tria
195 2829 380 2912 pelleretur,
399 2828 562 2912 quaesisse
578 2828 618 2892 ab
633 2848 671 2893 eo
691 2828 818 2911 dicitur,
838 2850 937 2912 quare
950 2828 984 2892 id
1001 2828 1124 2892 faceret

113 2920 172 2981 aut
186 2915 263 2998 quid
277 2914 439 2980 Aristides
454 2916 681 2999 commisisset,
701 2937 757 2980 cur
775 2920 869 2980 tanta
887 2937 993 3000 poena
1007 2916 1123 3000 dignus

79 3022 96 3069 4
114 3005 293 3068 duceretur.
338 3004 390 3068 eui
420 3003 475 3067 ille
505 3003 672 3087 respondit
703 3023 737 3067 se
767 3003 920 3089 ignorare
947 3004 1125 3086 Aristiden,

114 3092 171 3156 sed
193 3091 258 3155 sibi
280 3112 347 3155 non
368 3092 509 3175 placere,
533 3091 619 3174 quod
641 3094 712 3156 tam
734 3092 849 3175 cupide
871 3093 1064 3175 laborasset,
1087 3095 1125 3155 ut

79 3183 244 3265 epraeter
267 3181 392 3245 ceteros
416 3179 526 3243 Iustus
550 3179 778 3263 appellaretur.
816 3180 871 3245 hic
895 3180 1005 3244 decem
1028 3201 1125 3245 anno·

114 3291 187 3332 rum
209 3267 391 3368 legitimam
413 3288 552 3352 poenam
574 3288 641 3331 non
662 3267 808 3351 pertulit.
849 3289 926 3333 nam
949 3271 1126 3352 postquam

114 3355 270 3420 Xerxes
261 3378 296 3421 m
319 3353 489 3420 Graeciam
511 3354 687 3439 descendit,
711 3359 803 3420 sexto
768 3356 893 3420 tfere
917 3377 1002 3420 anno
1027 3377 1126 3439 quam

115 3447 185 3508 erat
209 3445 376 3528 expulsus,
403 3443 515 3527 populi
543 3443 658 3508 scito
649 3465 684 3507 1n
705 3444 848 3527 patriam
870 3444 1043 3508 restitutus
1067 3447 1126 3507 est

66 3531 100 3588 2
195 3530 359 3595 Interfuit
390 3535 500 3597 autem
531 3551 660 3617 pugnae
692 3530 918 3631 navaliapud
951 3528 1126 3614 Salamina,
