2400 3922
422 205 469 261 IV.
488 205 700 265 PAUSANIAS.
730 213 754 265 t.
1050 211 1092 274 19

78 351 136 416 vit.
174 351 222 416 sio
240 349 420 415 Pausanias
438 372 591 436 magnam
609 351 688 415 belli
711 352 850 438 gloriam
873 355 963 438 turpi
985 359 1090 419 morte

77 439 265 504 maculavit.
310 439 401 504 cuius
424 439 547 503 mortui
570 460 687 523 corpus
710 461 784 505 cum
808 441 921 505 eodem
942 443 1125 507 nonnullis

77 527 225 592 dicerent
256 526 371 591 inferri
399 530 564 611 oportere,
596 548 660 610 quo
690 528 714 591 ii
743 529 799 612 qui
827 529 867 592 ad
894 530 1090 614 supplicium

77 619 190 681 essent
212 614 295 699 dati,
322 613 490 699 displicuit
511 614 675 699 pluribus,
697 619 731 680 et
753 617 867 701 procul
891 617 932 681 ab
956 638 994 682 co
1017 618 1090 683 loco

76 703 276 787 infoderrmt,
299 723 363 786 quo
387 706 457 767 erat
479 706 637 766 mortuus.
661 703 736 768 inde
758 705 922 788 posterius
945 706 995 770 dci
1015 704 1089 770 Del-

76 791 167 877 phici
191 811 348 874 responso
371 793 484 854 erutus
508 793 606 872 atque
628 791 742 856 codem
771 792 843 858 loco
868 793 1015 876 sepultus
1038 798 1089 877 cst,

76 879 135 943 ubi
158 879 261 943 vitam
283 882 447 961 posuerat.

468 1179 511 1252 V.
540 1178 699 1252 CIMON.

167 1316 293 1401 Cimon,
306 1315 464 1381 Miltiadis
478 1317 576 1401 filius,
584 1315 805 1403 Atheniensis,
818 1319 899 1384 duro
914 1321 1087 1386 admodum
1107 1320 1124 1384 l

75 1405 174 1470 initio
204 1426 283 1470 usus
313 1408 364 1469 est
394 1405 638 1470 adulescentiae.
683 1427 760 1470 nam
787 1427 861 1472 cum
892 1412 986 1492 pater
1017 1412 1086 1474 cius

75 1494 172 1558 litem
204 1493 411 1557 aestimatam
441 1493 563 1577 populo
596 1491 721 1556 solvere
752 1514 818 1557 non
849 1496 1013 1577 potuisset
1045 1498 1085 1561 ob

76 1602 215 1664 eamque
234 1601 365 1645 causam
386 1581 422 1645 in
443 1580 559 1646 vinclis
582 1579 722 1664 publicis
745 1580 947 1666 decessisset,
970 1581 1087 1648 Cimon

76 1670 191 1734 cadem
209 1668 358 1734 custodia
380 1669 554 1733 tenebatur
570 1688 675 1750 neque
693 1668 821 1753 legibus
835 1666 1085 1735 Atheniensium

75 1757 185 1822 emitti
203 1760 343 1841 poterat,
360 1756 424 1821 nisi
442 1757 623 1841 pecuniam,
642 1777 706 1839 qua
723 1759 817 1841 pater
830 1757 989 1822 multatus
1006 1764 1085 1844 erat,

76 1845 239 1911 solvisset.
275 1844 419 1910 habebat
441 1848 550 1909 autem
572 1845 606 1909 in
625 1844 834 1910 matrimonio
854 1867 998 1911 sororem
1016 1861 1120 1933 ger-2

75 1954 209 1998 menam
235 1952 342 2017 suam,
370 1932 501 1998 nomine
528 1931 713 2017 Elpinicen,
745 1955 811 1998 non
842 1934 947 2021 magis
975 1956 1085 2001 amore

76 2043 176 2107 quam
194 2041 285 2085 more
298 2020 428 2085 ductus:
450 2041 591 2103 nemque
605 2019 861 2088 Atheniensibus
880 2022 959 2088 licet
971 2024 1085 2090 codem

73 2114 170 2194 patre
201 2111 296 2173 natas
328 2129 445 2173 uxores
478 2109 602 2173 ducere.
646 2109 744 2174 huius
775 2110 917 2196 coniugii
949 2111 1118 2196 cupidus3

76 2197 199 2264 Callias
224 2196 364 2281 quidam,
385 2218 452 2262 non
473 2199 543 2261 tam
565 2216 741 2282 generosus
765 2218 863 2281 quam
880 2200 1083 2284 pecuniosus,

76 2287 133 2370 qui
161 2304 297 2371 magnas
324 2284 477 2368 pecunias
505 2306 543 2348 cx
570 2284 712 2347 metallis
745 2285 879 2368 fecerat,
912 2287 981 2372 egit
1010 2309 1083 2352 cum

75 2373 213 2440 Cimone
236 2376 275 2437 ut
297 2393 369 2437 eam
392 2372 456 2436 sibi
478 2392 612 2438 uxorem
635 2370 740 2435 daret:
762 2372 796 2436 id
820 2372 848 2436 si
866 2372 1083 2458 impetrasset,

75 2484 111 2527 se
133 2482 195 2545 pro
218 2461 276 2526 illo
298 2461 469 2544 pecuniam
497 2460 689 2526 soluturum.
734 2459 763 2523 is
787 2480 860 2524 cum
887 2459 988 2524 talem
1010 2482 1082 2526 con·
1101 2479 1118 2526 4

76 2550 237 2615 dicionem
261 2552 501 2632 aspernaretur,
530 2547 679 2631 Elpinice
701 2547 833 2649 negavit
856 2568 890 2611 se
913 2567 1082 2631 passuram

74 2636 237 2702 Miltiadis
258 2637 448 2722 progeniem
471 2637 506 2701 in
527 2635 642 2700 'vinclis
665 2635 804 2720 pubhcis
831 2635 977 2721 interire,
1006 2658 1082 2723 quo-

73 2727 165 2791 niam
186 2724 359 2810 prohibere
381 2727 502 2810 posset,
525 2744 623 2807 seque
642 2721 764 2789 Calliae
786 2727 970 2811 nupturam,
994 2725 1021 2790 ri
1045 2748 1083 2791 ea

75 2835 158 2899 quac
181 2811 391 2897 polliceretur
413 2811 640 2897 praestitisset.

163 2900 237 2965 Tali
259 2900 355 2965 modo
379 2900 526 2966 custodia
548 2900 705 2965 liberatus
729 2898 847 2966 Cimon
870 2901 1019 2968 celeriter
1041 2905 1080 2969 ad
1100 2905 1120 2969 2

72 2990 295 3075 principatum
313 2989 468 3072 pervenit.
504 2987 647 3052 habebat
664 2988 751 3053 enim
770 2989 850 3054 satis
870 2989 1082 3077 eloquentiae,

75 3099 238 3144 summam
256 3076 496 3160 liberalitatem,
515 3096 666 3163 magnam
683 3077 890 3160 prudentiam
909 3099 983 3143 cum
1001 3079 1080 3144 iuris

76 3167 179 3233 civilis
203 3169 276 3230 tum
299 3165 347 3230 rei
369 3164 537 3249 militaris,
561 3164 646 3249 quod
669 3185 742 3230 cum
764 3169 858 3250 patre
882 3188 901 3230 a
922 3186 1023 3250 puero
1046 3166 1080 3229 in

75 3254 272 3323 exercitibus
304 3252 411 3318 fuerat
437 3255 593 3318 versatus.
638 3252 749 3337 itaque
778 3252 832 3319 hic
861 3257 895 3318 et
923 3251 1078 3335 populum

75 3346 237 3409 urbanum
263 3342 298 3406 in
326 3363 385 3406 sua
411 3341 517 3406 tenuit
542 3344 707 3424 potestate
734 3344 768 3405 et
796 3339 880 3424 apud
903 3338 1079 3404 exercitum

75 3433 252 3516 plurimum
274 3429 378 3494 valuit
401 3429 602 3495 auctoritate.
639 3428 781 3512 primum
798 3428 976 3509 imperator
994 3428 1113 3510 cpuda

76 3518 193 3586 flumen
224 3517 400 3602 Strymona
428 3538 562 3604 magnas
595 3517 706 3604 copias
731 3514 925 3582 'lbraeeum
950 3512 1105 3596 tanaim,

909 3613 949 3668 (ὶὶ
