2400 3922
382 208 467 263 XXII.
485 208 686 264 HAMILGAR.
716 215 739 264 1.
758 215 783 264 2.
1045 207 1088 272 87

84 352 323 429 incommodum
350 352 477 417 videtur
504 373 572 416 non
602 353 779 436 praeterire
805 350 1026 418 Hamilcarem
1055 356 1088 417 et

82 439 310 524 Hannibalem,
333 461 414 523 quos
437 443 471 504 et
494 440 594 505 animi
616 440 839 525 magnitudine
858 444 891 504 et
910 440 1087 505 calliditate
1165 457 1168 463 ·

83 549 195 595 omnes
218 529 253 594 in
275 526 388 593 Africa
409 531 505 593 natos
529 528 733 611 praestitisse
757 531 894 593 constat.

388 829 500 901 XXII.
528 827 788 902 HAMILOAR.

171 966 346 1050 Hamilcar,
359 964 553 1031 Hannibalis
567 966 664 1050 fflius,
679 967 871 1053 cognomine
881 966 996 1051 Barca,
1009 964 1088 1030 Kar·
1109 966 1126 1031 1

82 1054 307 1140 thaginiensis,
329 1054 434 1138 primo
453 1052 594 1119 Poenico
617 1054 713 1139 bello,
736 1055 792 1121 sed
814 1055 1016 1139 temporibus
1038 1076 1088 1118 ex-

82 1144 211 1227 tremis,
242 1142 416 1207 admodum
443 1140 703 1207 adulescentulus
732 1143 767 1207 in
794 1141 906 1208 Sicilia
938 1163 1088 1227 praeesse

84 1231 191 1315 coepit
214 1230 377 1296 exercitui.
412 1250 486 1294 cum
509 1232 584 1293 ante
608 1230 676 1294 cius
700 1230 874 1296 adventum
898 1235 931 1296 et
954 1231 1036 1296 mari
1055 1233 1124 1294 eta

83 1323 172 1383 terra
194 1319 279 1382 male
302 1339 354 1381 res
377 1319 567 1402 gererentur
585 1315 917 1403 Karthaginiensium,
939 1319 1009 1403 ipse
1032 1317 1089 1384 ubi

83 1406 190 1490 affirit,
221 1425 400 1487 numquam
431 1403 522 1468 hosti
549 1404 646 1468 cessit
683 1425 787 1487 neque
818 1406 927 1471 locum
951 1406 1089 1472 nocendi

83 1495 186 1578 dedit,
216 1511 374 1576 saepeque
398 1512 415 1554 e
439 1491 602 1556 1111111111
630 1491 797 1556 occasione
821 1492 898 1556 data
924 1493 1090 1559 lacessivit

82 1601 274 1735 tritt
289 1577 1089 1750 111110111161111111111111111111

82 1755 241 1838 defendit,
272 1757 310 1818 ut
341 1754 462 1818 bellum
490 1775 528 1819 ec
559 1754 632 1820 loco
664 1716 794 1840 gastrim
825 1775 892 1819 non
918 1754 1090 1819 videretur.

83 1843 216 1911 interim
238 1840 528 1927 Karthaginienses
556 1843 659 1908 classe
687 1843 772 1927 apud
798 1842 921 1907 insulas
945 1841 1124 1927 Aegatesa

84 1931 154 1998 10.
166 1929 310 2014 Lutatio,
333 1931 464 1995 consule
482 1929 713 2015 Romanorum,
736 1931 881 2015 superati
904 1934 1090 1996 1111111111

24 2075 40 2105 ,
83 2020 163 2085 belli
189 2018 295 2084 facere
321 2017 420 2082 finem
447 2039 581 2108 eamque
608 2041 678 2084 rem
705 2019 842 2084 arbitrio
871 2020 1091 2103 permiserunt

83 2105 289 2173 Hamilcaris.
342 2106 398 2169 ille
430 2107 494 2170 etsi
529 2107 691 2190 flagrabat
726 2107 870 2172 bellandi
902 2107 1090 2192 cupiditate,

84 2201 195 2261 tamen
225 2194 298 2278 paci
330 2193 537 2258 serviundum
567 2194 711 2277 putavit,
748 2195 835 2277 quod
865 2196 1007 2277 patriam
1039 2216 1090 2260 ex-

83 2285 236 2350 haustam
259 2280 443 2365 sumptibus
466 2280 588 2346 diutius
607 2281 810 2346 calamitates
827 2281 907 2346 belli
923 2282 1007 2347 ferre
1023 2304 1090 2347 non

83 2392 181 2458 posse
204 2369 427 2454 intellegebat,
449 2368 576 2434 sedita
601 2372 640 2433 ut
672 2369 785 2433 statim
809 2373 916 2432 mente
940 2370 1126 2454 agitaretr

85 2460 114 2525 si
136 2459 269 2543 paulum
292 2456 388 2520 modo
411 2477 463 2521 111
487 2461 596 2521 essent
618 2455 767 2540 refectae,
789 2455 912 2520 bellum
934 2478 1089 2521 renovare

84 2547 314 2628 Romanosque
337 2544 437 2608 armis
459 2544 624 2628 persequi,
647 2544 798 2608 donicum
821 2547 878 2608 aut
900 2543 1021 2609 virtute
1045 2545 1090 2610 vi-

85 2635 206 2701 cissent
229 2636 285 2697 aut
308 2632 519 2697 victimarius
538 2632 711 2696 dedissent
741 2632 812 2697 hoc·
823 2632 957 2697 consilio
976 2654 1090 2717 pacem
1108 2649 1124 2699 5

85 2720 279 2804 conciliavit,
301 2720 336 2784 in
358 2741 422 2803 quc
446 2723 539 2784 tanta
556 2719 620 2784 fuit
637 2719 767 2804 ferocia,
790 2740 864 2785 cum
882 2718 1018 2787 Catulus
1036 2742 1089 2786 ne-

84 2813 178 2896 garet
204 2806 327 2872 bellum
355 2808 624 2892 compositurum,
653 2807 718 2872 nisi
744 2808 799 2872 ille
823 2829 897 2873 cum
924 2809 1005 2894 suis,
1033 2810 1089 2893 qui

83 2897 223 2981 Erycem
245 2900 402 2981 tenerent,
425 2896 524 2967 armis
547 2896 670 2962 relictis
695 2894 807 2962 Sicilia
830 2896 1028 2984 decederent,
1051 2902 1089 2964 ut

85 2984 314 3051 succumbente
341 2985 449 3067 patria
475 2985 545 3068 ipse
567 2985 749 3069 periturum
772 3006 805 3050 se
828 2986 939 3068 petius
963 2986 1088 3070 dixerit,

84 3094 183 3158 quam
210 3093 284 3138 cum
313 3075 410 3136 tante
434 3071 559 3157 flagitio
588 3073 719 3138 domum
746 3073 882 3137 rediret:
913 3075 1089 3158 nonenim

84 3182 162 3227 suae
194 3181 265 3226 esse
296 3159 428 3223 virtutis
461 3181 552 3224 arma
580 3181 600 3224 a
630 3161 739 3243 patria
771 3165 904 3243 accepta
936 3159 1088 3224 adversus
1190 3207 1192 3214 ·

83 3250 196 3315 hostes
224 3247 416 3312 adversariis
448 3246 584 3311 tradere.
632 3247 729 3311 huius
760 3246 958 3330 pertinaciae
991 3247 1089 3311 cessit

84 3336 229 3489 camilli·
245 3424 301 3487 ille
327 3426 365 3488 ut
391 3421 628 3508 Karthaginem
654 3421 757 3505 venit,
788 3391 895 3484 'multo
925 3420 1020 3485 aliter
1051 3423 1130 3488 112

83 3516 232 3598 sperarat
254 3533 323 3576 rem
353 3510 518 3595 publicam
541 3531 575 3575 se
596 3509 779 3575 habentem
797 3507 971 3590 segnescit.
1006 3527 1105 3567 11111.-
