2400 3922
146 232 187 296 78
435 229 534 287 XVIII.
552 229 733 286 EUMENES.
765 236 804 285 11.
826 236 868 287 12.

146 399 223 443 casu
246 397 359 460 capere
382 376 512 460 vellent,
535 379 569 441 et
588 375 643 459 qui
661 379 796 460 propter
813 379 956 441 veterem
975 376 1153 442 amicitiam

146 465 288 548 colloqui
312 464 537 548 consolarique
561 466 724 548 cuperent,
746 464 843 528 multi
866 463 982 549 etiam,
1006 465 1062 548 qui
1085 465 1155 530 eius

145 553 285 618 formam
304 573 499 638 cognoscere
518 551 702 636 studebant,
726 552 831 636 qualis
850 557 946 637 esset,
970 574 1067 637 quem
1085 557 1154 618 tem

146 642 201 705 diu
228 646 360 724 tamque
383 640 476 706 valde
502 639 706 724 timuissent,
739 640 830 705 cuius
861 641 897 703 in
927 641 1072 724 pernicie
1099 664 1154 725 po·

109 729 244 794 asitam
271 751 363 830 spem
392 728 585 793 habuissent
611 689 777 794 riotoiiae.
823 732 859 793 at
881 727 1057 813 Eumenes,
1081 751 1154 794 oum

145 817 225 882 diut'
202 822 267 881 t1us
290 818 326 880 in
347 817 463 881 vinclis
486 818 587 899 esset,
615 816 664 880 ait
686 814 906 901 Onomarcho,
934 838 1033 899 penes
1058 838 1154 918 qqem

145 927 272 970 summa
299 904 428 988 imperii
451 907 522 969 erat
545 904 724 988 custodiae,
752 925 786 968 se
810 904 935 1005 mirari,
964 905 1153 988 quereiam

145 997 211 1059 tter
212 994 279 1057 ium
301 993 435 1056 diem
410 1014 457 1056 src
480 995 658 1057 teneretur:
687 1013 754 1057 non
781 993 868 1056 enim
895 992 957 1057 hoc
982 994 1153 1058 convenire

144 1081 222 1145 Ant·
198 1081 303 1165 trgoni
325 1080 524 1163 prudentiae,
547 1080 629 1145 ut
603 1101 650 1146 src
668 1083 815 1145 uteretur
832 1080 939 1145 devict
925 1084 974 1145 to:
999 1081 1078 1164 quin
1096 1086 1153 1146 aut

108 1168 283 1232 sinterfici
311 1170 368 1231 aut
395 1168 532 1232 missum
558 1167 630 1233 fieri
657 1169 792 1233 iuberet.
838 1168 892 1232 hio
915 1190 989 1233 cum
1012 1168 1153 1235 ferocius

145 1254 349 1320 Onomarcho
373 1255 463 1339 loqui
486 1256 659 1341 videretur,
682 1255 794 1340 ‘quid‘l
830 1255 878 1321 tu'
902 1257 1009 1339 inquit
1032 1256 1153 1322 ‘animo

145 1345 173 1407 si
195 1344 260 1408 isto
285 1365 366 1427 eras,
389 1365 446 1408 eur
465 1366 533 1409 non
550 1345 585 1408 in
602 1345 726 1427 proelio
751 1344 897 1410 cecidisti
921 1345 1031 1428 potius
1055 1366 1153 1429 quam

109 1445 125 1495 5
144 1432 179 1496 in
196 1434 396 1515 potestatem
413 1431 539 1497 inimici
556 1431 720 1498 venires‘l’
748 1432 824 1498 huic
837 1431 999 1497 Eumenes
1015 1431 1153 1498 ‘utinam

145 1520 275 1604 quidem
293 1520 381 1585 istud
395 1520 569 1585 evenisset!
594 1522 650 1586 sed
668 1542 706 1586 eo
724 1541 791 1585 non
809 1521 935 1605 accidit,
960 1520 1046 1604 quod
1062 1543 1153 1586 num-

146 1630 243 1692 quam
267 1630 341 1673 cum
363 1606 500 1674 fortiore
529 1630 601 1674 sum
629 1629 836 1693 congressus:
871 1630 938 1673 non
965 1610 1051 1674 enim
1079 1631 1153 1674 cum

146 1718 309 1781 quoquam
333 1719 424 1761 arma
442 1697 574 1780 contuli,
598 1697 722 1779 quinis
742 1695 823 1759 mihi
841 1696 1070 1760 succubuerit?
1100 1719 1153 1764 ne

90 1839 92 1843 ,
145 1806 207 1868 que
229 1785 262 1848 id
286 1789 357 1849 erat
383 1784 516 1847 falsum·
551 1804 617 1846 non
644 1782 730 1847 enim
757 1782 879 1846 virtute
906 1782 1067 1868 hostium,
1097 1785 1153 1851 sed

145 1873 323 1936 amicorum
344 1870 479 1954 perfidia
501 1869 628 1933 decidit.
651 1889 733 1929 *s*
754 1889 831 1931 nam
849 1873 883 1933 et
905 1870 1067 1953 dignitate
1033 1872 1154 1938 tfuit

144 1960 282 2022 honesta
305 1961 338 2021 et
360 1957 483 2022 viribus
507 1956 548 2019 ad
570 1955 716 2022 laborem
738 1954 906 2021 ferendum
924 1956 1027 2021 firmis
1046 1981 1153 2045 neque

144 2051 212 2108 tam
235 2064 353 2129 magno
378 2064 512 2127 corpore
536 2064 634 2126 quam
656 2044 762 2129 figura
783 2050 928 2108 venusta.

94 2133 133 2198 12
232 2131 281 2196 De
312 2132 375 2197 hoc
407 2130 486 2196 Ant
462 2135 595 2217 trgonus
628 2153 701 2196 cum
734 2132 822 2197 solus
855 2133 1054 2201 constituere
1086 2159 1154 2203 non

144 2221 285 2305 auderet,
309 2221 349 2285 ad
373 2220 544 2285 consilium
566 2224 633 2285 rett
618 2221 704 2285 tulit.
741 2220 794 2286 hic
813 2242 886 2286 oum
910 2243 1021 2287 omncs
1044 2225 1152 2307 primo

143 2313 216 2393 pert
202 2310 314 2374 tturba
315 2309 327 2372 i
345 2309 582 2375 admirarentur
604 2330 670 2374 non
693 2309 758 2373 iam
781 2310 820 2374 de
839 2331 877 2374 eo
897 2315 1006 2394 sumpt
1007 2333 1065 2375 um
1081 2335 1153 2378 esse

145 2397 348 2482 supplicium,
372 2419 391 2461 a
414 2419 536 2481 quoo
502 2400 536 2462 to
539 2400 554 2461 t
577 2419 679 2462 annos
703 2398 782 2462 adeo
806 2401 915 2463 essent
934 2398 1018 2463 male
1036 2398 1152 2485 habiti,

143 2490 181 2550 ut
200 2508 296 2571 saepe
311 2487 351 2550 ad
365 2486 624 2569 desperationem
637 2484 745 2550 forent
760 2485 889 2551 adducti
862 2487 1036 2570 t1,quiquo
1053 2489 1152 2552 ιιιιιι

110 2592 216 2639 amos
239 2575 335 2639 duces
358 2572 590 2658 interfecisset,
617 2573 791 2674 denique
781 2595 816 2637 ιιι
844 2595 908 2675 qqo
931 2596 995 2638 uno
1022 2580 1152 2641 tantum

144 2666 240 2746 esset,
262 2668 308 2745 ut,
332 2663 437 2745 quoad
460 2662 515 2727 ille
538 2625 702 2744 uiaret,
693 2661 757 2745 ipsi
780 2662 884 2725 securi
907 2684 977 2727 esse
995 2684 1062 2728 non
1079 2686 1152 2748 pos-

145 2753 293 2831 sent,t
244 2750 293 2812 int
295 2750 416 2814 effecto
435 2749 517 2813 nihil
531 2749 624 2814 habit
625 2749 676 2813 uri
689 2748 815 2833 negotii
830 2753 952 2814 essent:
975 2755 1151 2853 postremo,

145 2837 173 2900 si
205 2800 254 2898 illi
282 2837 430 2901 redderet
461 2837 547 2900 salut
533 2841 613 2920 tem,
646 2837 858 2920 quaerebant,
891 2838 1009 2921 quibus
1037 2840 1151 2906 amicis

145 2926 232 2987 esset
254 2944 385 2987 usurus:
413 2945 483 2988 sese
507 2925 593 2988 enim
616 2944 689 2987 cum
712 2923 857 2989 Eumene
881 2927 966 3009 apud
989 2949 1063 2992 eum
1085 2950 1151 2993 non

109 3011 282 3076 afuturos.
324 3007 379 3075 hic
402 3011 514 3094 cognit
515 3033 535 3074 ι
500 3010 685 3075 toonsilii
713 3012 827 3076 volunt
813 3016 881 3077 tate
911 3018 1022 3079 tamen
1049 3037 1151 3100 usque

116 3099 185 3164 ad
211 3107 387 3182 septrmum
415 3098 500 3163 diem
527 3098 725 3164 deliberandi
753 3100 816 3164 sibi
844 3102 986 3185 spatium
1009 3104 1151 3187 reliquit

144 3194 216 3254 tum
243 3191 366 3270 autem,
395 3208 468 3252 cum
495 3187 562 3251 iam
584 3191 751 3252 vereretur
772 3210 813 3252 ne
836 3211 901 3272 qua
924 3190 1041 3256 seditio
1065 3213 1152 3257 exer·

145 3278 230 3343 citus
254 3278 412 3359 oreretur,
441 3276 545 3340 vetuit
573 3298 768 3360 quemquam
796 3276 836 3341 ad
863 3298 937 3342 eum
965 3278 1093 3344 admitt
1053 3282 1096 3344 1
1120 3284 1153 3344 et

145 3365 358 3431 cottidianum
381 3364 504 3429 victum
527 3365 685 3429 removeri
713 3365 823 3429 iussit:
852 3386 928 3430 nam
951 3367 1095 3452 negabat
1117 3389 1152 3432 se

104 3454 171 3515 rei
196 3454 260 3516 m'm
284 3453 475 3536 allaturum,
503 3453 555 3518 cui
582 3453 755 3537 aliquando
782 3452 899 3517 fuisset
922 3456 1053 3520 amicus.
1098 3456 1152 3520 hio

121 3539 236 3599 tamen
251 3561 325 3605 non
343 3564 400 3608 am
399 3543 493 3629 plius
508 3565 609 3629 quam
625 3541 772 3607 triduum
787 3540 875 3604 iame
889 3540 1062 3626 latiqatus,
1079 3565 1152 3608 cum
