2400 3922
134 239 177 303 82
450 237 510 291 XX.
528 235 726 291 TIMOLEON.
756 241 780 292 1.
801 243 825 292 2.

332 499 336 508 ,
452 417 530 490 xx,
551 399 816 488 'rrnonnon

101 557 118 622 l
222 555 393 620 Timoleon
406 553 603 620 Corinthius.
634 552 702 617 sine
722 553 821 618 dubio
844 575 983 640 magnus
998 557 1144 624 omnium

134 644 253 710 iudicio
284 642 338 708 hic
366 642 416 707 vir
443 641 580 706 exstitit.
625 661 765 725 namque
796 641 873 707 huic
905 643 961 708 uni
994 644 1144 731 contigit,

135 732 221 817 quod
238 731 348 797 nescio
367 752 410 795 au
425 729 517 813 nulli,
534 731 573 793 ut
590 732 624 791 et
641 729 793 812 patriam,
811 729 846 793 in
864 751 929 813 qua
947 735 1020 796 erat
1037 738 1145 818 natus,

20 882 21 886 ,
136 841 326 906 oppressam
349 840 368 882 a
391 821 530 901 tyranno
549 816 713 902 liberaret,
736 820 770 880 et
788 837 807 882 a
827 813 1053 903 Syracusanis,
1076 822 1145 905 qui·

134 910 196 974 bus
220 906 340 972 auxilio
365 909 436 970 erat
458 904 592 986 missus,
620 904 695 968 iam·
714 904 930 970 inveteratam
953 908 1145 975 servitutem

135 996 310 1081 depelleret
328 997 497 1075 totamque
518 990 673 1075 Siciliam,
696 991 817 1057 multos
832 1014 934 1059 annos
951 994 1039 1060 bello
1054 1018 1146 1062 vexa-

135 1089 205 1149 tam
228 1105 248 1147 a
269 1081 481 1164 barbarisque
505 1101 710 1164 oppressam,
733 1101 792 1145 suo
816 1081 956 1146 adventu
979 1082 1014 1148 in
1036 1084 1146 1168 pristi-

101 1186 117 1234 s
135 1193 214 1236 num
232 1170 429 1235 restitueret.
461 1168 517 1232 sed
535 1167 571 1230 in
587 1167 639 1230 his
658 1168 755 1232 rebus
773 1189 840 1232 non
853 1169 996 1254 simplici
1013 1168 1146 1237 fortuna

137 1257 341 1324 conflictatus
365 1259 416 1321 est
446 1260 489 1340 et,
520 1255 553 1319 id
577 1255 663 1338 quod
685 1254 850 1321 difficilius
873 1261 1017 1342 putatur,
1041 1261 1145 1326 multo

138 1345 316 1429 sapientius
343 1344 422 1409 tulit
451 1343 624 1418 secundam
647 1364 745 1426 quam
772 1344 942 1410 adversam
970 1345 1147 1413 fortunam.

102 1447 213 1499 snam
241 1455 314 1498 cum
341 1431 443 1497 frater
472 1431 540 1496 eius
567 1430 799 1516 Timophanes,
827 1432 892 1496 dux
918 1455 937 1497 a
964 1432 1146 1501 corinthiis

137 1522 295 1605 delectus,
325 1520 530 1605 tyrannidem
557 1541 616 1603 per
643 1519 764 1583 milites
793 1522 1031 1587 mercennarios
1056 1545 1147 1590 occu·

136 1613 249 1694 passet
280 1609 508 1693 particepsque
540 1607 633 1693 regni
663 1609 728 1690 ipse
758 1612 870 1691 posset
899 1630 983 1693 esse,
1015 1613 1147 1677 tantum

138 1698 221 1762 afuit
240 1698 434 1762 asocietate
453 1696 593 1778 sceleris,
615 1699 653 1760 ut
670 1695 862 1760 antetulerit
876 1697 996 1762 civium
1013 1719 1147 1766 suorum

137 1786 325 1850 libertatem
352 1783 464 1848 fratris
493 1783 591 1847 saluti
619 1787 653 1846 et
682 1804 794 1866 parere
817 1784 945 1870 legibus
969 1806 1067 1869 quam
1090 1787 1148 1852 im-

102 1885 252 1956 lperare
279 1872 404 1954 patriae
433 1870 536 1934 satius
563 1869 700 1934 duxerit.
744 1871 807 1936 hac
834 1876 941 1937 mente
968 1895 1027 1957 per
1053 1875 1148 1940 haru-

138 1960 261 2043 spicem
289 1977 555 2039 communemque
584 1956 727 2042 affinem,
758 1960 810 2023 cui
838 1981 931 2025 soror
957 1981 997 2025 ex
1025 1962 1148 2028 eisdem

138 2044 329 2129 parentibus
352 2047 430 2108 nata
452 2048 555 2127 nupta
577 2049 662 2129 erat,
689 2045 825 2111 fratrem
852 2050 1029 2131 tyrannum
1051 2049 1149 2115 inter-

137 2130 314 2197 ficiundum
337 2132 471 2197 curavit.
505 2131 575 2215 ipse
592 2154 660 2198 non
677 2134 774 2198 modo
797 2156 912 2200 manus
934 2157 1002 2201 non
1024 2138 1148 2222 attulit,

139 2219 195 2285 sed
217 2241 258 2284 ne
281 2219 426 2303 aspicere
449 2219 580 2303 quidem
606 2219 788 2287 fraternum
814 2223 1006 2309 sanguinem
1033 2226 1148 2290 voluit

137 2329 215 2373 nam
242 2308 318 2373 dum
345 2329 397 2374 res
425 2308 652 2393 conficeretur,
683 2309 796 2393 procul
823 2311 859 2374 in
884 2312 1047 2395 praesidio
1075 2312 1149 2398 fuit,

104 2408 178 2462 sne
206 2397 279 2480 quis
307 2397 437 2462 satelles
465 2400 578 2480 posset
605 2410 817 2463 succurrere·
844 2399 907 2464 hoc
929 2400 1149 2483 praeclarissi-

139 2506 229 2549 mum
256 2484 325 2549 eius
352 2484 476 2550 factum
502 2506 569 2550 non
594 2485 667 2568 pari
696 2485 792 2551 modo
823 2487 999 2569 probatum
1028 2492 1080 2554 est
1107 2489 1149 2554 ab

140 2573 303 2637 omnibus:
326 2573 473 2638 nonnulli
496 2573 583 2637 enim
605 2573 727 2638 laesam
750 2574 791 2638 ab
815 2594 853 2638 eo
875 2575 1034 2658 pietatem
1056 2582 1149 2660 puta·

138 2660 220 2724 bant
249 2664 283 2724 et
314 2660 436 2726 invidia
467 2660 596 2725 laudem
627 2661 760 2726 virtutis
795 2661 998 2727 obterebant
1044 2669 1150 2730 mater

139 2769 215 2811 vero
243 2752 320 2831 post
346 2748 380 2812 id
407 2747 530 2813 factum
556 2769 661 2831 neque
688 2748 820 2813 domum
847 2750 888 2815 ed
911 2771 945 2815 se
968 2751 1074 2816 filium
1097 2754 1149 2817 ad·

141 2833 232 2897 misit
253 2854 357 2916 neque
378 2835 514 2920 aspexit,
538 2836 617 2918 quin
635 2857 708 2900 eum
726 2835 929 2903 fratricidam
947 2838 1149 2924 impiumque

105 2920 306 2984 odetestans
339 2923 558 3005 compellaret.
609 2923 726 3005 quibus
763 2925 860 2989 rebus
897 2925 953 2990 ille
986 2927 1066 2993 adeo
1100 2932 1150 2994 est

141 3011 333 3092 commotus,
356 3012 394 3073 ut
415 3030 659 3092 nonnumquam
681 3011 768 3076 vitae
791 3012 891 3077 finem
913 3012 1019 3079 facere
1043 3017 1151 3081 volue-

140 3097 186 3161 rit
213 3099 311 3179 atque
339 3117 378 3160 ex
405 3096 609 3182 ingratorum
638 3097 809 3164 hominum
839 3106 1015 3185 conspectu
1045 3111 1151 3169 morte

141 3185 303 3250 decedere.

105 3271 127 3337 2
229 3271 366 3354 Interim
384 3270 489 3337 Dione
509 3271 679 3358 Syracusis
696 3273 871 3340 interfecto
885 3274 1065 3362 Dionysius
1084 3301 1153 3344 rur·

141 3381 196 3425 sus
221 3357 455 3445 Syracusarum
483 3361 611 3445 potitus
634 3365 694 3426 est.
740 3362 831 3427 cuius
855 3363 1033 3429 adversarii
1057 3388 1153 3450 opem

139 3469 160 3510 a
174 3445 353 3513 Corinthiis
370 3449 537 3533 petierunt
559 3449 746 3534 ducemque,
770 3472 833 3533 quo
856 3451 892 3515 in
914 3452 1001 3517 bello
1024 3457 1153 3519 uteren-

122 3537 185 3612 tur,
205 3537 439 3615 postularunt.
478 3537 544 3606 huc
567 3537 742 3604 Timoleon
761 3538 883 3603 missus
902 3539 1088 3605 incredibili
1109 3542 1153 3607 fe
