<?xml version="1.0" encoding="UTF-8"?>
<!DOCTYPE html PUBLIC "-//W3C//DTD XHTML 1.0 Transitional//EN"
    "http://www.w3.org/TR/xhtml1/DTD/xhtml1-transitional.dtd">
<html xmlns="http://www.w3.org/1999/xhtml" xml:lang="en" lang="en">
 <head>
  <title>
</title>
<meta http-equiv="Content-Type" content="text/html;charset=utf-8" />
  <meta name='ocr-system' content='tesseract 3.04.00' />
  <meta name='ocr-capabilities' content='ocr_page ocr_carea ocr_par ocr_line ocrx_word'/>
</head>
<body>
  <div class='ocr_page' id='page_1' title='image "./corneliinepotis14nepogoog_0120.png"; bbox 0 0 2400 3922; ppageno 0'>
   <div class='ocr_carea' id='block_1_1' title="bbox 378 213 1085 282">
    <p class='ocr_par' dir='ltr' id='par_1_1' title="bbox 378 213 1085 282">
     <span class='ocr_line' id='line_1_1' title="bbox 378 213 1085 282; baseline 0.02 -14"><span class='ocrx_word' id='word_1_1' title='bbox 378 213 644 271; x_wconf 79' lang='lat' dir='ltr'>xxv.ATT10Us.</span> <span class='ocrx_word' id='word_1_2' title='bbox 673 222 714 270; x_wconf 93' lang='lat'>11.</span> <span class='ocrx_word' id='word_1_3' title='bbox 736 222 775 271; x_wconf 82' lang='lat' dir='ltr'>ra.</span> <span class='ocrx_word' id='word_1_4' title='bbox 1022 217 1085 282; x_wconf 81' lang='lat'>107</span> 
     </span>
    </p>
   </div>
   <div class='ocr_carea' id='block_1_2' title="bbox 78 357 1122 1059">
    <p class='ocr_par' dir='ltr' id='par_1_2' title="bbox 78 357 1122 1059">
     <span class='ocr_line' id='line_1_2' title="bbox 80 357 1089 444; baseline 0.003 -20"><span class='ocrx_word' id='word_1_5' title='bbox 80 357 265 442; x_wconf 83' lang='lat' dir='ltr'>Serviliam,</span> <span class='ocrx_word' id='word_1_6' title='bbox 296 357 393 422; x_wconf 81' lang='lat' dir='ltr'>Bruti</span> <span class='ocrx_word' id='word_1_7' title='bbox 424 362 577 444; x_wconf 89' lang='lat' dir='ltr'>matrem,</span> <span class='ocrx_word' id='word_1_8' title='bbox 607 380 674 425; x_wconf 92' lang='lat' dir='ltr'>non</span> <span class='ocrx_word' id='word_1_9' title='bbox 705 360 812 426; x_wconf 90' lang='lat' dir='ltr'>minus</span> <span class='ocrx_word' id='word_1_10' title='bbox 844 366 921 444; x_wconf 91' lang='lat' dir='ltr'>post</span> <span class='ocrx_word' id='word_1_11' title='bbox 948 366 1089 427; x_wconf 89' lang='lat' dir='ltr'>mortem</span> 
     </span>
     <span class='ocr_line' id='line_1_3' title="bbox 80 446 1122 529; baseline 0.007 -19"><span class='ocrx_word' id='word_1_12' title='bbox 80 447 149 511; x_wconf 87' lang='lat' dir='ltr'>eius</span> <span class='ocrx_word' id='word_1_13' title='bbox 178 467 276 529; x_wconf 90' lang='lat' dir='ltr'>quam</span> <span class='ocrx_word' id='word_1_14' title='bbox 303 446 473 511; x_wconf 88' lang='lat' dir='ltr'>florentem</span> <span class='ocrx_word' id='word_1_15' title='bbox 502 447 648 512; x_wconf 90' lang='lat' dir='ltr'>coluerit.</span> <span class='ocrx_word' id='word_1_16' title='bbox 694 448 741 514; x_wconf 90' lang='lat' dir='ltr'>sic</span> <span class='ocrx_word' id='word_1_17' title='bbox 767 448 965 514; x_wconf 79' lang='lat' dir='ltr'>liberalitate</span> <span class='ocrx_word' id='word_1_18' title='bbox 992 453 1122 516; x_wconf 77' lang='lat' dir='ltr'>utenso</span> 
     </span>
     <span class='ocr_line' id='line_1_4' title="bbox 78 534 1088 620; baseline 0.003 -21"><span class='ocrx_word' id='word_1_19' title='bbox 78 534 185 599; x_wconf 91' lang='lat' dir='ltr'>nullas</span> <span class='ocrx_word' id='word_1_20' title='bbox 208 534 396 600; x_wconf 80' lang='lat' dir='ltr'>inimicitias</span> <span class='ocrx_word' id='word_1_21' title='bbox 420 535 537 619; x_wconf 78' lang='lat' dir='ltr'>gessit,</span> <span class='ocrx_word' id='word_1_22' title='bbox 568 535 655 618; x_wconf 90' lang='lat' dir='ltr'>quod</span> <span class='ocrx_word' id='word_1_23' title='bbox 678 554 785 620; x_wconf 87' lang='lat' dir='ltr'>neque</span> <span class='ocrx_word' id='word_1_24' title='bbox 808 537 957 602; x_wconf 89' lang='lat' dir='ltr'>laedebat</span> <span class='ocrx_word' id='word_1_25' title='bbox 980 558 1088 620; x_wconf 92' lang='lat' dir='ltr'>quem-</span> 
     </span>
     <span class='ocr_line' id='line_1_5' title="bbox 80 622 1088 708; baseline 0.005 -22"><span class='ocrx_word' id='word_1_26' title='bbox 80 643 178 706; x_wconf 87' lang='lat' dir='ltr'>quam</span> <span class='ocrx_word' id='word_1_27' title='bbox 199 643 318 706; x_wconf 91' lang='lat' dir='ltr'>neque,</span> <span class='ocrx_word' id='word_1_28' title='bbox 341 622 370 686; x_wconf 88' lang='lat' dir='ltr'>si</span> <span class='ocrx_word' id='word_1_29' title='bbox 393 643 491 705; x_wconf 90' lang='lat' dir='ltr'>quam</span> <span class='ocrx_word' id='word_1_30' title='bbox 514 623 668 688; x_wconf 90' lang='lat' dir='ltr'>iniuriam</span> <span class='ocrx_word' id='word_1_31' title='bbox 692 628 874 708; x_wconf 89' lang='lat' dir='ltr'>acceperat,</span> <span class='ocrx_word' id='word_1_32' title='bbox 902 646 969 690; x_wconf 91' lang='lat' dir='ltr'>non</span> <span class='ocrx_word' id='word_1_33' title='bbox 992 626 1088 691; x_wconf 88' lang='lat' dir='ltr'>male-</span> 
     </span>
     <span class='ocr_line' id='line_1_6' title="bbox 79 709 1088 794; baseline 0.004 -20"><span class='ocrx_word' id='word_1_34' title='bbox 79 710 138 775; x_wconf 86' lang='lat' dir='ltr'>bat</span> <span class='ocrx_word' id='word_1_35' title='bbox 161 709 311 776; x_wconf 83' lang='lat' dir='ltr'>oblivisci</span> <span class='ocrx_word' id='word_1_36' title='bbox 335 731 432 794; x_wconf 91' lang='lat' dir='ltr'>quam</span> <span class='ocrx_word' id='word_1_37' title='bbox 455 710 577 775; x_wconf 91' lang='lat' dir='ltr'>ulcisci.</span> <span class='ocrx_word' id='word_1_38' title='bbox 620 710 706 776; x_wconf 90' lang='lat' dir='ltr'>idem</span> <span class='ocrx_word' id='word_1_39' title='bbox 728 712 908 777; x_wconf 83' lang='lat' dir='ltr'>immortali</span> <span class='ocrx_word' id='word_1_40' title='bbox 932 713 1088 778; x_wconf 89' lang='lat' dir='ltr'>memoria</span> 
     </span>
     <span class='ocr_line' id='line_1_7' title="bbox 78 797 1088 885; baseline 0.003 -22"><span class='ocrx_word' id='word_1_41' title='bbox 78 802 234 882; x_wconf 88' lang='lat' dir='ltr'>percepta</span> <span class='ocrx_word' id='word_1_42' title='bbox 255 797 419 863; x_wconf 85' lang='lat' dir='ltr'>retinebat</span> <span class='ocrx_word' id='word_1_43' title='bbox 441 799 612 883; x_wconf 82' lang='lat' dir='ltr'>beneficia3</span> <span class='ocrx_word' id='word_1_44' title='bbox 639 820 721 882; x_wconf 88' lang='lat' dir='ltr'>quae</span> <span class='ocrx_word' id='word_1_45' title='bbox 744 804 854 866; x_wconf 89' lang='lat' dir='ltr'>autem</span> <span class='ocrx_word' id='word_1_46' title='bbox 876 801 946 885; x_wconf 88' lang='lat' dir='ltr'>ipse</span> <span class='ocrx_word' id='word_1_47' title='bbox 969 800 1088 866; x_wconf 90' lang='lat' dir='ltr'>tribue·</span> 
     </span>
     <span class='ocr_line' id='line_1_8' title="bbox 80 885 1088 974; baseline 0.003 -24"><span class='ocrx_word' id='word_1_48' title='bbox 80 889 146 971; x_wconf 91' lang='lat' dir='ltr'>rat,</span> <span class='ocrx_word' id='word_1_49' title='bbox 169 890 239 951; x_wconf 87' lang='lat' dir='ltr'>tam</span> <span class='ocrx_word' id='word_1_50' title='bbox 262 886 317 952; x_wconf 93' lang='lat' dir='ltr'>diu</span> <span class='ocrx_word' id='word_1_51' title='bbox 340 885 546 972; x_wconf 86' lang='lat' dir='ltr'>meminerat,</span> <span class='ocrx_word' id='word_1_52' title='bbox 596 888 682 953; x_wconf 90' lang='lat' dir='ltr'>uoad</span> <span class='ocrx_word' id='word_1_53' title='bbox 704 887 760 952; x_wconf 94' lang='lat' dir='ltr'>ille</span> <span class='ocrx_word' id='word_1_54' title='bbox 783 892 897 974; x_wconf 83' lang='lat' dir='ltr'>gratus</span> <span class='ocrx_word' id='word_1_55' title='bbox 921 892 1005 974; x_wconf 89' lang='lat' dir='ltr'>erat,</span> <span class='ocrx_word' id='word_1_56' title='bbox 1032 889 1088 972; x_wconf 92' lang='lat' dir='ltr'>qui</span> 
     </span>
     <span class='ocr_line' id='line_1_9' title="bbox 80 974 1122 1059; baseline 0.004 -20"><span class='ocrx_word' id='word_1_57' title='bbox 80 978 257 1059; x_wconf 86' lang='lat' dir='ltr'>acceperat.</span> <span class='ocrx_word' id='word_1_58' title='bbox 297 975 409 1058; x_wconf 90' lang='lat' dir='ltr'>itaque</span> <span class='ocrx_word' id='word_1_59' title='bbox 431 974 486 1039; x_wconf 89' lang='lat' dir='ltr'>bic</span> <span class='ocrx_word' id='word_1_60' title='bbox 515 974 594 1040; x_wconf 89' lang='lat' dir='ltr'>fecit</span> <span class='ocrx_word' id='word_1_61' title='bbox 623 979 661 1040; x_wconf 92' lang='lat' dir='ltr'>ut</span> <span class='ocrx_word' id='word_1_62' title='bbox 683 998 757 1041; x_wconf 85' lang='lat' dir='ltr'>vere</span> <span class='ocrx_word' id='word_1_63' title='bbox 780 977 903 1042; x_wconf 90' lang='lat' dir='ltr'>dictum</span> <span class='ocrx_word' id='word_1_64' title='bbox 925 977 1122 1043; x_wconf 79' lang='grc'><strong>1111111116</strong></span> 
     </span>
    </p>
   </div>
   <div class='ocr_carea' id='block_1_3' title="bbox 142 1094 1031 1182">
    <p class='ocr_par' dir='ltr' id='par_1_3' title="bbox 142 1094 1031 1182">
     <span class='ocr_line' id='line_1_10' title="bbox 142 1094 1031 1182; baseline 0.003 -20"><span class='ocrx_word' id='word_1_65' title='bbox 142 1095 200 1163; x_wconf 83' lang='lat' dir='ltr'>Sui</span> <span class='ocrx_word' id='word_1_66' title='bbox 223 1094 338 1181; x_wconf 80' lang='lat' dir='ltr'>cuique</span> <span class='ocrx_word' id='word_1_67' title='bbox 361 1119 468 1164; x_wconf 88' lang='lat' dir='ltr'>mores</span> <span class='ocrx_word' id='word_1_68' title='bbox 491 1095 623 1182; x_wconf 82' lang='lat' dir='ltr'>fingunt</span> <span class='ocrx_word' id='word_1_69' title='bbox 645 1098 812 1165; x_wconf 89' lang='lat' dir='ltr'>fortunam</span> <span class='ocrx_word' id='word_1_70' title='bbox 834 1100 1031 1165; x_wconf 80' lang='lat' dir='ltr'>hominibus.</span> 
     </span>
    </p>
   </div>
   <div class='ocr_carea' id='block_1_4' title="bbox 74 1236 1141 3610">
    <p class='ocr_par' dir='ltr' id='par_1_4' title="bbox 78 1236 1088 1410">
     <span class='ocr_line' id='line_1_11' title="bbox 78 1236 1088 1326; baseline 0.002 -23"><span class='ocrx_word' id='word_1_71' title='bbox 78 1259 183 1323; x_wconf 88' lang='lat' dir='ltr'>neque</span> <span class='ocrx_word' id='word_1_72' title='bbox 206 1243 316 1304; x_wconf 88' lang='lat' dir='ltr'>tamen</span> <span class='ocrx_word' id='word_1_73' title='bbox 338 1239 394 1303; x_wconf 88' lang='lat' dir='ltr'>ille</span> <span class='ocrx_word' id='word_1_74' title='bbox 416 1239 508 1323; x_wconf 89' lang='lat' dir='ltr'>prius</span> <span class='ocrx_word' id='word_1_75' title='bbox 530 1236 697 1304; x_wconf 88' lang='lat' dir='ltr'>fortunam</span> <span class='ocrx_word' id='word_1_76' title='bbox 720 1263 818 1323; x_wconf 88' lang='lat' dir='ltr'>quam</span> <span class='ocrx_word' id='word_1_77' title='bbox 841 1263 876 1306; x_wconf 90' lang='lat' dir='ltr'>se</span> <span class='ocrx_word' id='word_1_78' title='bbox 896 1242 966 1326; x_wconf 90' lang='lat' dir='ltr'>ipse</span> <span class='ocrx_word' id='word_1_79' title='bbox 984 1242 1088 1326; x_wconf 86' lang='lat' dir='ltr'>finxit,</span> 
     </span>
     <span class='ocr_line' id='line_1_12' title="bbox 80 1326 830 1410; baseline 0.001 -18"><span class='ocrx_word' id='word_1_80' title='bbox 80 1327 136 1410; x_wconf 89' lang='lat' dir='ltr'>qui</span> <span class='ocrx_word' id='word_1_81' title='bbox 159 1327 246 1392; x_wconf 84' lang='lat' dir='ltr'>cavit</span> <span class='ocrx_word' id='word_1_82' title='bbox 268 1348 309 1391; x_wconf 88' lang='lat' dir='ltr'>ne</span> <span class='ocrx_word' id='word_1_83' title='bbox 333 1348 397 1410; x_wconf 89' lang='lat' dir='ltr'>qua</span> <span class='ocrx_word' id='word_1_84' title='bbox 418 1326 454 1390; x_wconf 93' lang='lat' dir='ltr'>in</span> <span class='ocrx_word' id='word_1_85' title='bbox 475 1347 510 1390; x_wconf 91' lang='lat' dir='ltr'>re</span> <span class='ocrx_word' id='word_1_86' title='bbox 533 1326 602 1390; x_wconf 88' lang='lat' dir='ltr'>iure</span> <span class='ocrx_word' id='word_1_87' title='bbox 625 1327 830 1409; x_wconf 83' lang='lat' dir='ltr'>plecteretur.</span> 
     </span>
    </p>

    <p class='ocr_par' dir='ltr' id='par_1_5' title="bbox 74 1412 1141 3610">
     <span class='ocr_line' id='line_1_13' title="bbox 167 1412 1141 1502; baseline 0.004 -23"><span class='ocrx_word' id='word_1_88' title='bbox 167 1413 230 1479; x_wconf 89' lang='lat' dir='ltr'>His</span> <span class='ocrx_word' id='word_1_89' title='bbox 253 1415 356 1501; x_wconf 81' lang='lat' dir='ltr'>igitur</span> <span class='ocrx_word' id='word_1_90' title='bbox 378 1412 475 1478; x_wconf 91' lang='lat' dir='ltr'>rebus</span> <span class='ocrx_word' id='word_1_91' title='bbox 499 1412 606 1478; x_wconf 87' lang='lat' dir='ltr'>effecit</span> <span class='ocrx_word' id='word_1_92' title='bbox 623 1418 662 1478; x_wconf 90' lang='lat' dir='ltr'>ut</span> <span class='ocrx_word' id='word_1_93' title='bbox 679 1413 723 1480; x_wconf 91' lang='lat' dir='ltr'>M.</span> <span class='ocrx_word' id='word_1_94' title='bbox 737 1415 916 1499; x_wconf 85' lang='lat' dir='ltr'>Vipsanius</span> <span class='ocrx_word' id='word_1_95' title='bbox 930 1417 1087 1502; x_wconf 83' lang='lat' dir='ltr'>Agrippa,</span> <span class='ocrx_word' id='word_1_96' title='bbox 1101 1418 1141 1483; x_wconf 82' lang='lat'>12</span> 
     </span>
     <span class='ocr_line' id='line_1_14' title="bbox 79 1501 1088 1600; baseline 0.001 -32"><span class='ocrx_word' id='word_1_97' title='bbox 79 1502 197 1568; x_wconf 91' lang='lat' dir='ltr'>intima</span> <span class='ocrx_word' id='word_1_98' title='bbox 228 1501 453 1566; x_wconf 89' lang='lat' dir='ltr'>familiaritate</span> <span class='ocrx_word' id='word_1_99' title='bbox 489 1501 679 1600; x_wconf 83' lang='lat' dir='ltr'>coniunctus</span> <span class='ocrx_word' id='word_1_100' title='bbox 716 1503 915 1568; x_wconf 79' lang='lat' dir='ltr'>adulescenti</span> <span class='ocrx_word' id='word_1_101' title='bbox 948 1503 1088 1588; x_wconf 81' lang='lat' dir='ltr'>Caesari,</span> 
     </span>
     <span class='ocr_line' id='line_1_15' title="bbox 77 1588 1089 1762; baseline -0.003 -17"><span class='ocrx_word' id='word_1_102' title='bbox 77 1588 1089 1762; x_wconf 66' lang='grc'><strong>111111111111111111111111</strong></span> 
     </span>
     <span class='ocr_line' id='line_1_16' title="bbox 78 1763 1088 1849; baseline -0.003 -16"><span class='ocrx_word' id='word_1_103' title='bbox 78 1787 170 1833; x_wconf 91' lang='lat' dir='ltr'>mum</span> <span class='ocrx_word' id='word_1_104' title='bbox 189 1765 258 1829; x_wconf 93' lang='lat' dir='ltr'>eius</span> <span class='ocrx_word' id='word_1_105' title='bbox 277 1764 433 1849; x_wconf 84' lang='lat' dir='ltr'>deligeret</span> <span class='ocrx_word' id='word_1_106' title='bbox 455 1763 650 1829; x_wconf 87' lang='lat' dir='ltr'>affinitatem</span> <span class='ocrx_word' id='word_1_107' title='bbox 672 1770 944 1849; x_wconf 88' lang='lat' dir='ltr'>praeoptaretque</span> <span class='ocrx_word' id='word_1_108' title='bbox 968 1766 1088 1849; x_wconf 90' lang='lat' dir='ltr'>equitis</span> 
     </span>
     <span class='ocr_line' id='line_1_17' title="bbox 78 1853 1122 1938; baseline -0.002 -18"><span class='ocrx_word' id='word_1_109' title='bbox 78 1853 220 1920; x_wconf 85' lang='lat' dir='ltr'>Romani</span> <span class='ocrx_word' id='word_1_110' title='bbox 251 1853 355 1917; x_wconf 87' lang='lat' dir='ltr'>filiam</span> <span class='ocrx_word' id='word_1_111' title='bbox 385 1873 616 1938; x_wconf 85' lang='lat' dir='ltr'>generosarum</span> <span class='ocrx_word' id='word_1_112' title='bbox 651 1853 785 1937; x_wconf 91' lang='lat' dir='ltr'>nuptiis.</span> <span class='ocrx_word' id='word_1_113' title='bbox 839 1857 936 1937; x_wconf 91' lang='lat' dir='ltr'>atque</span> <span class='ocrx_word' id='word_1_114' title='bbox 971 1853 1122 1919; x_wconf 78' lang='lat' dir='ltr'>harumn</span> 
     </span>
     <span class='ocr_line' id='line_1_18' title="bbox 78 1938 1087 2028; baseline 0.001 -20"><span class='ocrx_word' id='word_1_115' title='bbox 78 1942 268 2027; x_wconf 87' lang='lat' dir='ltr'>nuptiarum</span> <span class='ocrx_word' id='word_1_116' title='bbox 296 1940 487 2006; x_wconf 89' lang='lat' dir='ltr'>conciliator</span> <span class='ocrx_word' id='word_1_117' title='bbox 514 1940 578 2006; x_wconf 89' lang='lat' dir='ltr'>fuit</span> <span class='ocrx_word' id='word_1_118' title='bbox 605 1938 684 2026; x_wconf 89' lang='lat' dir='ltr'>(non</span> <span class='ocrx_word' id='word_1_119' title='bbox 711 1945 762 2007; x_wconf 89' lang='lat' dir='ltr'>est</span> <span class='ocrx_word' id='word_1_120' title='bbox 789 1942 875 2006; x_wconf 90' lang='lat' dir='ltr'>enim</span> <span class='ocrx_word' id='word_1_121' title='bbox 905 1940 1087 2028; x_wconf 88' lang='lat' dir='ltr'>celandum)</span> 
     </span>
     <span class='ocr_line' id='line_1_19' title="bbox 79 2028 1087 2114; baseline -0.002 -19"><span class='ocrx_word' id='word_1_122' title='bbox 79 2031 123 2095; x_wconf 89' lang='lat' dir='ltr'>M.</span> <span class='ocrx_word' id='word_1_123' title='bbox 146 2028 324 2113; x_wconf 83' lang='lat' dir='ltr'>Antonius,</span> <span class='ocrx_word' id='word_1_124' title='bbox 355 2028 563 2093; x_wconf 85' lang='lat' dir='ltr'>triumvirum</span> <span class='ocrx_word' id='word_1_125' title='bbox 595 2029 643 2092; x_wconf 90' lang='grc'>111</span> <span class='ocrx_word' id='word_1_126' title='bbox 674 2029 823 2114; x_wconf 88' lang='lat' dir='ltr'>publicae</span> <span class='ocrx_word' id='word_1_127' title='bbox 855 2032 1087 2096; x_wconf 74' lang='lat' dir='ltr'>constituendae.</span> 
     </span>
     <span class='ocr_line' id='line_1_20' title="bbox 79 2117 1088 2204; baseline -0.001 -20"><span class='ocrx_word' id='word_1_128' title='bbox 79 2119 171 2184; x_wconf 90' lang='lat' dir='ltr'>cuius</span> <span class='ocrx_word' id='word_1_129' title='bbox 190 2117 298 2204; x_wconf 85' lang='lat' dir='ltr'>gratia</span> <span class='ocrx_word' id='word_1_130' title='bbox 316 2138 391 2180; x_wconf 91' lang='lat' dir='ltr'>cum</span> <span class='ocrx_word' id='word_1_131' title='bbox 409 2136 528 2201; x_wconf 85' lang='lat' dir='ltr'>augere</span> <span class='ocrx_word' id='word_1_132' title='bbox 546 2117 768 2200; x_wconf 85' lang='lat' dir='ltr'>possessiones</span> <span class='ocrx_word' id='word_1_133' title='bbox 786 2123 899 2202; x_wconf 88' lang='lat' dir='ltr'>posset</span> <span class='ocrx_word' id='word_1_134' title='bbox 915 2140 1000 2203; x_wconf 89' lang='lat' dir='ltr'>suas,</span> <span class='ocrx_word' id='word_1_135' title='bbox 1018 2122 1088 2183; x_wconf 89' lang='lat' dir='ltr'>tan-</span> 
     </span>
     <span class='ocr_line' id='line_1_21' title="bbox 80 2203 1087 2288; baseline 0 -17"><span class='ocrx_word' id='word_1_136' title='bbox 80 2212 151 2271; x_wconf 91' lang='lat' dir='ltr'>tum</span> <span class='ocrx_word' id='word_1_137' title='bbox 175 2205 258 2270; x_wconf 86' lang='lat' dir='ltr'>afuit</span> <span class='ocrx_word' id='word_1_138' title='bbox 281 2227 301 2269; x_wconf 89' lang='lat' dir='ltr'>a</span> <span class='ocrx_word' id='word_1_139' title='bbox 323 2203 501 2288; x_wconf 89' lang='lat' dir='ltr'>cupiditate</span> <span class='ocrx_word' id='word_1_140' title='bbox 524 2204 693 2288; x_wconf 88' lang='lat' dir='ltr'>pecuniae,</span> <span class='ocrx_word' id='word_1_141' title='bbox 721 2206 872 2271; x_wconf 91' lang='lat' dir='ltr'>utnulla</span> <span class='ocrx_word' id='word_1_142' title='bbox 894 2207 930 2271; x_wconf 92' lang='lat' dir='ltr'>in</span> <span class='ocrx_word' id='word_1_143' title='bbox 951 2228 986 2270; x_wconf 94' lang='lat' dir='ltr'>re</span> <span class='ocrx_word' id='word_1_144' title='bbox 1008 2228 1087 2272; x_wconf 89' lang='lat' dir='ltr'>usus</span> 
     </span>
     <span class='ocr_line' id='line_1_22' title="bbox 80 2292 1087 2376; baseline -0.001 -17"><span class='ocrx_word' id='word_1_145' title='bbox 80 2296 125 2359; x_wconf 90' lang='lat' dir='ltr'>sit</span> <span class='ocrx_word' id='word_1_146' title='bbox 148 2316 187 2358; x_wconf 89' lang='lat' dir='ltr'>ea</span> <span class='ocrx_word' id='word_1_147' title='bbox 208 2293 273 2359; x_wconf 88' lang='lat' dir='ltr'>nisi</span> <span class='ocrx_word' id='word_1_148' title='bbox 295 2292 331 2357; x_wconf 92' lang='lat' dir='ltr'>in</span> <span class='ocrx_word' id='word_1_149' title='bbox 353 2292 562 2376; x_wconf 88' lang='lat' dir='ltr'>deprecandis</span> <span class='ocrx_word' id='word_1_150' title='bbox 586 2292 764 2357; x_wconf 90' lang='lat' dir='ltr'>amicorum</span> <span class='ocrx_word' id='word_1_151' title='bbox 783 2297 840 2356; x_wconf 91' lang='lat' dir='ltr'>aut</span> <span class='ocrx_word' id='word_1_152' title='bbox 857 2294 1012 2376; x_wconf 88' lang='lat' dir='ltr'>periculis</span> <span class='ocrx_word' id='word_1_153' title='bbox 1029 2298 1087 2358; x_wconf 90' lang='lat' dir='ltr'>aut</span> 
     </span>
     <span class='ocr_line' id='line_1_23' title="bbox 79 2379 1121 2464; baseline -0.004 -16"><span class='ocrx_word' id='word_1_154' title='bbox 79 2381 302 2448; x_wconf 89' lang='lat' dir='ltr'>incommodis.</span> <span class='ocrx_word' id='word_1_155' title='bbox 337 2380 424 2464; x_wconf 91' lang='lat' dir='ltr'>quod</span> <span class='ocrx_word' id='word_1_156' title='bbox 443 2379 573 2464; x_wconf 90' lang='lat' dir='ltr'>quidem</span> <span class='ocrx_word' id='word_1_157' title='bbox 591 2381 651 2444; x_wconf 92' lang='lat' dir='ltr'>sub</span> <span class='ocrx_word' id='word_1_158' title='bbox 670 2380 742 2464; x_wconf 90' lang='lat' dir='ltr'>ipsa</span> <span class='ocrx_word' id='word_1_159' title='bbox 764 2381 1002 2464; x_wconf 89' lang='lat' dir='ltr'>proscriptione</span> <span class='ocrx_word' id='word_1_160' title='bbox 1017 2403 1087 2464; x_wconf 91' lang='lat' dir='ltr'>per·</span> <span class='ocrx_word' id='word_1_161' title='bbox 1105 2398 1121 2444; x_wconf 83' lang='lat'>3</span> 
     </span>
     <span class='ocr_line' id='line_1_24' title="bbox 78 2466 1087 2553; baseline -0.003 -18"><span class='ocrx_word' id='word_1_162' title='bbox 78 2471 207 2535; x_wconf 89' lang='lat' dir='ltr'>illustre</span> <span class='ocrx_word' id='word_1_163' title='bbox 242 2469 315 2534; x_wconf 90' lang='lat' dir='ltr'>fuit.</span> <span class='ocrx_word' id='word_1_164' title='bbox 369 2490 446 2534; x_wconf 89' lang='lat' dir='ltr'>nam</span> <span class='ocrx_word' id='word_1_165' title='bbox 475 2490 550 2534; x_wconf 91' lang='lat' dir='ltr'>cum</span> <span class='ocrx_word' id='word_1_166' title='bbox 577 2466 613 2532; x_wconf 87' lang='lat' dir='ltr'>L.</span> <span class='ocrx_word' id='word_1_167' title='bbox 642 2466 751 2532; x_wconf 85' lang='lat' dir='ltr'>Saufei</span> <span class='ocrx_word' id='word_1_168' title='bbox 784 2468 904 2553; x_wconf 85' lang='lat' dir='ltr'>equitis</span> <span class='ocrx_word' id='word_1_169' title='bbox 938 2467 1087 2553; x_wconf 88' lang='lat' dir='ltr'>Romani,</span> 
     </span>
     <span class='ocr_line' id='line_1_25' title="bbox 78 2555 1087 2642; baseline -0.003 -18"><span class='ocrx_word' id='word_1_170' title='bbox 78 2559 225 2642; x_wconf 91' lang='lat' dir='ltr'>aequalis</span> <span class='ocrx_word' id='word_1_171' title='bbox 244 2558 303 2641; x_wconf 90' lang='lat' dir='ltr'>sui,</span> <span class='ocrx_word' id='word_1_172' title='bbox 327 2557 382 2640; x_wconf 92' lang='lat' dir='ltr'>qui</span> <span class='ocrx_word' id='word_1_173' title='bbox 401 2557 582 2640; x_wconf 85' lang='lat' dir='ltr'>complures</span> <span class='ocrx_word' id='word_1_174' title='bbox 602 2577 703 2621; x_wconf 89' lang='lat' dir='ltr'>annos</span> <span class='ocrx_word' id='word_1_175' title='bbox 722 2556 830 2621; x_wconf 90' lang='lat' dir='ltr'>studio</span> <span class='ocrx_word' id='word_1_176' title='bbox 850 2555 965 2621; x_wconf 87' lang='lat' dir='ltr'>ductus</span> <span class='ocrx_word' id='word_1_177' title='bbox 983 2556 1087 2639; x_wconf 92' lang='lat' dir='ltr'>pbilo-</span> 
     </span>
     <span class='ocr_line' id='line_1_26' title="bbox 78 2642 1087 2731; baseline -0.004 -19"><span class='ocrx_word' id='word_1_178' title='bbox 78 2646 213 2731; x_wconf 90' lang='lat' dir='ltr'>sophiae</span> <span class='ocrx_word' id='word_1_179' title='bbox 240 2645 414 2711; x_wconf 85' lang='lat' dir='ltr'>habitabat</span> <span class='ocrx_word' id='word_1_180' title='bbox 436 2643 575 2710; x_wconf 85' lang='lat' dir='ltr'>Athenis</span> <span class='ocrx_word' id='word_1_181' title='bbox 602 2643 808 2728; x_wconf 86' lang='lat' dir='ltr'>habebatque</span> <span class='ocrx_word' id='word_1_182' title='bbox 835 2644 869 2708; x_wconf 91' lang='lat' dir='ltr'>in</span> <span class='ocrx_word' id='word_1_183' title='bbox 892 2642 991 2708; x_wconf 89' lang='lat' dir='ltr'>Italia</span> <span class='ocrx_word' id='word_1_184' title='bbox 1017 2665 1087 2728; x_wconf 88' lang='lat' dir='ltr'>pre-</span> 
     </span>
     <span class='ocr_line' id='line_1_27' title="bbox 78 2731 1086 2819; baseline -0.004 -19"><span class='ocrx_word' id='word_1_185' title='bbox 78 2737 182 2800; x_wconf 88' lang='lat' dir='ltr'>tiosas</span> <span class='ocrx_word' id='word_1_186' title='bbox 204 2734 435 2819; x_wconf 88' lang='lat' dir='ltr'>possessiones,</span> <span class='ocrx_word' id='word_1_187' title='bbox 457 2732 588 2797; x_wconf 87' lang='lat' dir='ltr'>tresviri</span> <span class='ocrx_word' id='word_1_188' title='bbox 610 2731 696 2796; x_wconf 90' lang='lat' dir='ltr'>bona</span> <span class='ocrx_word' id='word_1_189' title='bbox 718 2731 938 2798; x_wconf 85' lang='lat' dir='ltr'>vendidissent</span> <span class='ocrx_word' id='word_1_190' title='bbox 956 2752 1086 2796; x_wconf 81' lang='lat' dir='ltr'>consue</span> 
     </span>
     <span class='ocr_line' id='line_1_28' title="bbox 78 2819 1085 2907; baseline -0.004 -19"><span class='ocrx_word' id='word_1_191' title='bbox 78 2823 190 2888; x_wconf 91' lang='lat' dir='ltr'>tudine</span> <span class='ocrx_word' id='word_1_192' title='bbox 205 2843 252 2907; x_wconf 88' lang='lat' dir='ltr'>ea,</span> <span class='ocrx_word' id='word_1_193' title='bbox 271 2843 335 2905; x_wconf 91' lang='lat' dir='ltr'>qua</span> <span class='ocrx_word' id='word_1_194' title='bbox 353 2825 425 2886; x_wconf 89' lang='lat' dir='ltr'>tum</span> <span class='ocrx_word' id='word_1_195' title='bbox 442 2842 494 2886; x_wconf 89' lang='lat' dir='ltr'>res</span> <span class='ocrx_word' id='word_1_196' title='bbox 515 2821 720 2906; x_wconf 83' lang='lat' dir='ltr'>gerebantur,</span> <span class='ocrx_word' id='word_1_197' title='bbox 738 2819 843 2885; x_wconf 87' lang='lat' dir='ltr'>Attici</span> <span class='ocrx_word' id='word_1_198' title='bbox 856 2820 968 2885; x_wconf 89' lang='lat' dir='ltr'>labore</span> <span class='ocrx_word' id='word_1_199' title='bbox 987 2823 1085 2904; x_wconf 88' lang='lat' dir='ltr'>atque</span> 
     </span>
     <span class='ocr_line' id='line_1_29' title="bbox 77 2906 1086 2976; baseline -0.004 0"><span class='ocrx_word' id='word_1_200' title='bbox 77 2911 240 2976; x_wconf 87' lang='lat' dir='ltr'>industria</span> <span class='ocrx_word' id='word_1_201' title='bbox 261 2909 386 2974; x_wconf 88' lang='lat' dir='ltr'>factum</span> <span class='ocrx_word' id='word_1_202' title='bbox 409 2913 460 2974; x_wconf 90' lang='lat' dir='ltr'>est</span> <span class='ocrx_word' id='word_1_203' title='bbox 482 2912 520 2972; x_wconf 90' lang='lat' dir='ltr'>ut</span> <span class='ocrx_word' id='word_1_204' title='bbox 543 2908 655 2974; x_wconf 90' lang='lat' dir='ltr'>eodem</span> <span class='ocrx_word' id='word_1_205' title='bbox 676 2908 792 2973; x_wconf 92' lang='lat' dir='ltr'>nuntio</span> <span class='ocrx_word' id='word_1_206' title='bbox 821 2906 970 2973; x_wconf 82' lang='lat' dir='ltr'>Saufeius</span> <span class='ocrx_word' id='word_1_207' title='bbox 992 2909 1086 2974; x_wconf 89' lang='lat' dir='ltr'>fieret</span> 
     </span>
     <span class='ocr_line' id='line_1_30' title="bbox 76 2996 1120 3082; baseline -0.005 -18"><span class='ocrx_word' id='word_1_208' title='bbox 76 2999 198 3064; x_wconf 86' lang='lat' dir='ltr'>certior</span> <span class='ocrx_word' id='word_1_209' title='bbox 221 3020 255 3063; x_wconf 90' lang='lat' dir='ltr'>se</span> <span class='ocrx_word' id='word_1_210' title='bbox 278 2997 511 3082; x_wconf 89' lang='lat' dir='ltr'>patrimonium</span> <span class='ocrx_word' id='word_1_211' title='bbox 530 2996 678 3061; x_wconf 90' lang='lat' dir='ltr'>amisisse</span> <span class='ocrx_word' id='word_1_212' title='bbox 697 3000 731 3061; x_wconf 87' lang='lat' dir='ltr'>et</span> <span class='ocrx_word' id='word_1_213' title='bbox 748 3018 963 3081; x_wconf 90' lang='lat' dir='ltr'>recuperasse.</span> <span class='ocrx_word' id='word_1_214' title='bbox 999 2997 1120 3062; x_wconf 80' lang='grc'><strong>11111114</strong></span> 
     </span>
     <span class='ocr_line' id='line_1_31' title="bbox 77 3082 1085 3168; baseline -0.004 -16"><span class='ocrx_word' id='word_1_215' title='bbox 77 3086 113 3152; x_wconf 84' lang='lat' dir='ltr'>L.</span> <span class='ocrx_word' id='word_1_216' title='bbox 141 3085 262 3152; x_wconf 91' lang='lat' dir='ltr'>Iulium</span> <span class='ocrx_word' id='word_1_217' title='bbox 290 3084 451 3168; x_wconf 77' lang='lat' dir='ltr'>Calidum,</span> <span class='ocrx_word' id='word_1_218' title='bbox 488 3106 584 3167; x_wconf 92' lang='lat' dir='ltr'>quem</span> <span class='ocrx_word' id='word_1_219' title='bbox 620 3088 696 3168; x_wconf 89' lang='lat' dir='ltr'>post</span> <span class='ocrx_word' id='word_1_220' title='bbox 728 3082 872 3150; x_wconf 85' lang='lat' dir='ltr'>Lucretii</span> <span class='ocrx_word' id='word_1_221' title='bbox 900 3083 1085 3167; x_wconf 77' lang='lat' dir='ltr'>Catullique</span> 
     </span>
     <span class='ocr_line' id='line_1_32' title="bbox 78 3170 1085 3258; baseline -0.006 -18"><span class='ocrx_word' id='word_1_222' title='bbox 78 3178 218 3240; x_wconf 86' lang='lat' dir='ltr'>mortem</span> <span class='ocrx_word' id='word_1_223' title='bbox 233 3174 337 3239; x_wconf 92' lang='lat' dir='ltr'>multo</span> <span class='ocrx_word' id='word_1_224' title='bbox 356 3171 635 3258; x_wconf 85' lang='lat' dir='ltr'>elegantissimum</span> <span class='ocrx_word' id='word_1_225' title='bbox 652 3175 785 3255; x_wconf 75' lang='lat' dir='ltr'>pettam</span> <span class='ocrx_word' id='word_1_226' title='bbox 802 3175 951 3237; x_wconf 89' lang='lat' dir='ltr'>nostram</span> <span class='ocrx_word' id='word_1_227' title='bbox 969 3170 1085 3235; x_wconf 87' lang='lat' dir='ltr'>tulisse</span> 
     </span>
     <span class='ocr_line' id='line_1_33' title="bbox 76 3258 1085 3343; baseline -0.005 -15"><span class='ocrx_word' id='word_1_228' title='bbox 76 3266 221 3328; x_wconf 86' lang='lat' dir='ltr'>aetatem</span> <span class='ocrx_word' id='word_1_229' title='bbox 248 3284 322 3327; x_wconf 89' lang='lat' dir='ltr'>vere</span> <span class='ocrx_word' id='word_1_230' title='bbox 349 3261 460 3326; x_wconf 81' lang='lat' dir='ltr'>videor</span> <span class='ocrx_word' id='word_1_231' title='bbox 486 3279 582 3342; x_wconf 90' lang='lat' dir='ltr'>posse</span> <span class='ocrx_word' id='word_1_232' title='bbox 611 3260 816 3343; x_wconf 87' lang='lat' dir='ltr'>contendere,</span> <span class='ocrx_word' id='word_1_233' title='bbox 845 3280 949 3341; x_wconf 90' lang='lat' dir='ltr'>neque</span> <span class='ocrx_word' id='word_1_234' title='bbox 977 3258 1085 3323; x_wconf 87' lang='lat' dir='ltr'>minus</span> 
     </span>
     <span class='ocr_line' id='line_1_34' title="bbox 76 3347 1085 3433; baseline -0.004 -18"><span class='ocrx_word' id='word_1_235' title='bbox 76 3351 183 3416; x_wconf 85' lang='lat' dir='ltr'>virum</span> <span class='ocrx_word' id='word_1_236' title='bbox 206 3351 329 3416; x_wconf 91' lang='lat' dir='ltr'>bonum</span> <span class='ocrx_word' id='word_1_237' title='bbox 352 3348 548 3433; x_wconf 88' lang='lat' dir='ltr'>optimisque</span> <span class='ocrx_word' id='word_1_238' title='bbox 571 3347 697 3411; x_wconf 90' lang='lat' dir='ltr'>artibus</span> <span class='ocrx_word' id='word_1_239' title='bbox 720 3347 891 3429; x_wconf 89' lang='lat' dir='ltr'>eruditum,</span> <span class='ocrx_word' id='word_1_240' title='bbox 913 3350 991 3430; x_wconf 89' lang='lat' dir='ltr'>post</span> <span class='ocrx_word' id='word_1_241' title='bbox 1012 3367 1085 3430; x_wconf 91' lang='lat' dir='ltr'>pro·</span> 
     </span>
     <span class='ocr_line' id='line_1_35' title="bbox 77 3432 1084 3523; baseline -0.004 -20"><span class='ocrx_word' id='word_1_242' title='bbox 77 3438 289 3523; x_wconf 87' lang='lat' dir='ltr'>scriptionem</span> <span class='ocrx_word' id='word_1_243' title='bbox 317 3437 464 3523; x_wconf 91' lang='lat' dir='ltr'>equitum</span> <span class='ocrx_word' id='word_1_244' title='bbox 489 3438 624 3519; x_wconf 88' lang='lat' dir='ltr'>propter</span> <span class='ocrx_word' id='word_1_245' title='bbox 652 3455 788 3519; x_wconf 84' lang='lat' dir='ltr'>magnas</span> <span class='ocrx_word' id='word_1_246' title='bbox 816 3434 884 3498; x_wconf 88' lang='lat' dir='ltr'>eius</span> <span class='ocrx_word' id='word_1_247' title='bbox 912 3432 1084 3499; x_wconf 88' lang='lat' dir='ltr'>Africanas</span> 
     </span>
     <span class='ocr_line' id='line_1_36' title="bbox 74 3519 1113 3610; baseline -0.018 -17"><span class='ocrx_word' id='word_1_248' title='bbox 74 3527 299 3610; x_wconf 86' lang='lat' dir='ltr'>possessiones</span> <span class='ocrx_word' id='word_1_249' title='bbox 317 3527 352 3590; x_wconf 91' lang='lat' dir='ltr'>in</span> <span class='ocrx_word' id='word_1_250' title='bbox 365 3524 627 3610; x_wconf 90' lang='lat' dir='ltr'>proscriptorum</span> <span class='ocrx_word' id='word_1_251' title='bbox 636 3543 816 3588; x_wconf 82' lang='lat' dir='ltr'>numerum</span> <span class='ocrx_word' id='word_1_252' title='bbox 824 3520 883 3584; x_wconf 73' lang='lat' dir='ltr'>all</span> <span class='ocrx_word' id='word_1_253' title='bbox 893 3519 1113 3589; x_wconf 51' lang='lat' dir='ltr'>mxumo,</span> 
     </span>
    </p>
   </div>
   <div class='ocr_carea' id='block_1_5' title="bbox 0 0 1204 3922">
    <p class='ocr_par' dir='ltr' id='par_1_6' title="bbox 0 0 1204 3922">
     <span class='ocr_line' id='line_1_37' title="bbox 0 0 1204 3922; baseline 0 0"><span class='ocrx_word' id='word_1_254' title='bbox 0 0 1204 3922; x_wconf 95' lang='lat' dir='ltr'> </span> 
     </span>
    </p>
   </div>
  </div>
 </body>
</html>
