2400 3922
197 211 464 269 DISGREPANTIA
483 210 709 268 SCRIPTURAE
727 210 954 266 HALMIANAE.
1027 210 1079 266 vn

72 364 104 422 in
131 381 168 422 ea
194 361 384 438 potissimum
409 361 484 421 urbe
552 363 586 440 4,
610 363 628 418 2
653 357 716 436 eui]
739 361 792 436 qui
860 364 893 438 5,
916 363 937 420 4
960 357 1077 435 tantae]

72 453 160 510 tante
225 452 254 527 6,
273 452 291 507 2
311 449 398 508 effusi
461 450 491 526 ⁵1,
510 450 529 508 3
548 447 645 507 Attici
663 451 765 507 eutem
782 447 867 525 quies
884 450 970 509 tento
989 467 1077 524 opere

73 537 194 598 Caesari
262 538 291 615 8,
316 540 332 595 1
357 536 434 595 illud
455 538 575 613 iempue
598 536 694 596 occiso
719 535 856 611 (laesere,
881 555 941 613 quo
978 603 981 608 ,
1009 555 1076 596 eon·

72 627 199 688 vertisse
223 621 404 701 [videreiur]
457 626 478 683 4
501 642 532 684 ee
554 621 665 700 neque]
687 623 740 684 sed
761 642 857 701 neque
913 627 942 701 3,
966 626 984 683 2
1008 643 1077 685 ven-

74 710 226 789 diiabant]
249 713 362 772 debent
423 712 579 788 urtice,
602 730 726 787 sponsor
785 714 834 786 10,
855 714 874 772 3
896 730 1014 788 quoque
1033 713 1079 770 eei

73 802 170 861 Attici
229 804 249 859 4
269 798 348 877 eius]
368 800 451 859 illiue
511 799 617 860 erere
637 819 733 877 neque
751 799 832 860 enim
846 845 869 860 ..
884 799 992 859 salutis
1011 794 1078 875 [red

74 886 241 965 coniuncti]
310 887 447 948 elaude
473 888 571 947 fertur
639 890 693 966 12,
721 887 916 949 3iriumviri
985 890 1078 965 13,4

74 977 177 1053 potius
199 976 358 1053 diligentia
380 1018 413 1036 ..
437 978 484 1035 esi
505 975 670 1035 industriae
740 977 790 1054 15,
814 979 830 1034 1
855 995 915 1035 non
937 975 1079 1053 liberalis,

75 1065 127 1125 sed
150 1065 226 1125 levis
244 1064 448 1124 erbiirebeiur
462 1106 469 1122 .
484 1111 490 1122 .
505 1082 565 1122 non
582 1066 684 1139 posset
745 1060 898 1139 3p0teet]
916 1065 1036 1138 peieret
1075 1073 1078 1080 '

77 1155 128 1230 16,
143 1154 162 1211 3
178 1152 359 1212 desiderabit
409 1154 461 1229 18,
475 1153 494 1211 3
509 1151 562 1228 qui
575 1169 594 1210 a
608 1169 725 1227 quoque
740 1154 824 1211 ortus
875 1153 895 1210 4
911 1150 1029 1210 Claudii
1043 1150 1080 1211 de

75 1241 285 1300 Marcellorum
354 1241 372 1299 5
396 1257 467 1299 nam
488 1238 525 1298 de
546 1239 630 1315 viris,
652 1239 705 1315 qui
769 1239 897 1299 Romani
918 1238 1023 1315 populi

76 1329 257 1388 eredendum
274 1331 321 1388 est
367 1328 417 1405 20,
437 1329 454 1386 1
476 1324 632 1402 scriberet]
651 1327 785 1387 mitteret
830 1329 849 1386 ὁ
869 1322 1079 1403 [intercedere]
