2400 3922
384 220 444 276 ΧΠ.
464 220 653 279 OHABRIAS.
681 229 759 280 2—4.
1011 290 1020 303 ,,
1036 234 1080 296 45

66 365 196 450 stravit,
219 386 294 430 cum
317 364 381 430 dux
399 364 650 432 Atheniensium
673 373 774 454 esset3
796 371 832 435 in
849 369 1001 458 Aegypto
1021 398 1079 441 sua
1181 356 1184 361 .

66 457 184 539 sponte
222 453 339 539 gessit:
375 475 451 518 nam
488 453 690 521 Nectenebin
729 457 876 524 adiutum
911 462 1078 545 profectus

64 563 205 628 regnum
228 542 259 606 ei
282 541 465 606 constituit.
509 541 589 607 fecit
616 544 701 609 idem
725 543 838 631 Cypri,
867 548 923 613 sed
949 551 1113 633 publices

65 632 107 696 ab
122 629 380 695 Atheniensibus
398 628 571 715 Euagorae
589 631 719 697 adiutor
737 632 842 720 datus,
864 658 969 721 neque
987 640 1078 722 prius

64 719 140 784 inde
163 718 331 802 discessit,
354 740 453 801 quam
476 722 582 783 totam
605 720 747 787 insula'm
769 723 1077 792 bellodevinceret:

65 830 131 892 qua
154 828 195 871 ex
217 829 252 872 re
274 805 492 871 Athenienses
516 829 669 893 magnam
696 810 836 895 gloriam
860 818 936 878 sunt
959 815 1077 899 adepti.

64 894 199 961 interim
225 895 349 959 bellum
375 895 462 959 inter
483 894 668 980 Aegyptios
697 901 730 961 et
753 897 869 966 Persas
900 902 1112 969 conflatumo

64 987 126 1050 eet
158 982 375 1048 Athenienses
395 1005 468 1048 cum
486 982 666 1051 Artaxerxe
690 987 880 1054 societatem
903 989 1077 1077 habebant,

64 1070 314 1137 Lacedaemonii
337 1093 411 1136 cum
433 1069 622 1157 Aegyptiis,
645 1096 665 1138 a
688 1075 805 1158 quibus
829 1099 964 1164 magnas
987 1101 1077 1163 prae-
1114 1104 1117 1110 ’

64 1161 122 1226 das
146 1159 330 1246 Agesilaus,
353 1181 409 1224 rex
432 1181 561 1243 eorum,
583 1160 739 1228 faciebat
779 1164 812 1227 id
839 1166 970 1232 intuens
994 1165 1076 1234 Oha·

64 1249 168 1333 brias‚
195 1270 270 1314 cum
291 1249 327 1312 in
349 1270 384 1312 re
406 1248 497 1313 nulla
520 1248 676 1333 Agesilao
700 1251 841 1337 cederet,
872 1276 931 1320 sua
959 1260 1076 1340 sponte

64 1359 120 1403 eos
144 1337 292 1402 adiutum
314 1335 481 1421 profectus
504 1335 688 1421 Aegyptiae
712 1341 808 1405 classi
837 1342 993 1428 praefuit,
1022 1366 1075 1429 pe-

63 1426 228 1492 destribus
251 1425 353 1509 copiis
375 1423 559 1509 Agesilaus.

152 1512 237 1578 'l'um
254 1512 412 1598 praefecti
425 1513 512 1598 regis
526 1512 644 1577 Persae
658 1514 786 1598 legatos
802 1517 960 1582 miserunt
974 1519 1074 1585 Athe
1093 1519 1113 1584 8

62 1624 122 1668 nas
147 1605 307 1686 questum,
330 1601 416 1684 quod
439 1599 598 1666 Chabrias
621 1600 791 1666 adversum
817 1625 928 1689 regem
951 1606 1074 1671 bellum

63 1694 193 1776 gereret
212 1711 285 1754 cum
303 1688 487 1774 Aegyptiis.
513 1687 730 1755 Athenienses
748 1690 835 1755 diem
854 1697 977 1758 certam
992 1691 1074 1758 oha-

23 1850 25 1854 ,
62 1779 154 1844 briae
176 1778 443 1862 praestituerunt,
467 1798 564 1861 quam
587 1781 663 1842 aute
686 1777 818 1843 domum
840 1780 904 1845 nisi
927 1781 1074 1867 redisset,

63 1866 182 1951 capitis
210 1888 245 1930 se
271 1865 366 1929 illum
396 1865 607 1930 damnaturos
637 1866 878 1933 denuntiarunt.
923 1870 986 1934 hoc
1017 1870 1072 1934 ille

60 1955 179 2021 nuntio
202 1953 349 2019 Athenae
372 1953 479 2038 rediit,
500 1975 605 2038 neque
627 1954 675 2018 ibi
698 1955 820 2022 diutius
844 1961 894 2022 est
917 1961 1073 2044 moratus,

62 2065 162 2129 quam
184 2042 249 2107 fuit
271 2063 411 2107 necesse.
450 2063 517 2107 non
540 2042 626 2106 enim
648 2042 789 2108 libenter
811 2049 882 2110 erat
905 2050 980 2111 ante
1000 2068 1072 2112 oon·
1091 2062 1111 2110 a·

61 2133 112 2198 los
136 2152 270 2196 suorum
293 2130 421 2215 civium,
445 2131 530 2214 quod
553 2134 587 2195 et
610 2130 740 2195 vivebat
763 2133 852 2198 laute
876 2138 909 2199 et
927 2135 1071 2221 indulge-

60 2221 120 2285 bat
153 2221 217 2286 sibi
248 2219 430 2303 liberalius,
462 2240 560 2302 quam
587 2221 625 2282 ut
653 2219 809 2285 invidiam
836 2221 927 2306 vulgi
958 2227 1072 2307 posset

61 2308 212 2395 effugere.
245 2311 296 2372 est
310 2307 396 2372 enim
409 2307 472 2372 hoc
487 2327 656 2372 commune
671 2307 788 2372 vitium
802 2310 930 2392 magnis
945 2309 1070 2374 liberis·
1089 2329 1105 2374 r

61 2418 124 2482 que
143 2396 342 2480 civitatibus,
359 2399 398 2460 ut
415 2395 537 2460 invidia
556 2394 680 2481 gloriae
695 2416 802 2460 comes
817 2397 862 2460 sit
880 2400 913 2461 et
931 2396 1071 2461 libenter

60 2486 99 2551 de
122 2485 165 2550 iis
189 2485 376 2568 detrahant,
405 2505 486 2567 quos
510 2485 651 2550 eminere
674 2483 805 2548 videant
828 2483 939 2568 altius,
965 2506 1070 2568 neque

60 2573 169 2640 animo
190 2594 293 2657 aequo
315 2594 473 2657 pauperes
492 2573 631 2636 alienam
650 2572 851 2656 opulentiam
872 2572 1069 2638 intueantur.

59 2662 172 2747 itaque
195 2660 368 2745 Chabrias,
396 2661 504 2744 quoad
526 2661 556 2725 ei
583 2660 716 2745 licebat,
743 2659 920 2744 plurimum
947 2661 1069 2727 aberat.

57 2772 163 2836 neque
194 2772 271 2816 vero
304 2750 393 2815 solus
426 2750 481 2813 ille
514 2749 628 2814 aberat
655 2749 794 2815 Athenis
826 2749 980 2834 libenter,
1013 2750 1104 2816 sade

38 2828 172 2905 'omnes
195 2838 264 2904 fere
286 2838 449 2923 principes
472 2837 620 2903 fecerunt
642 2838 742 2923 idem,
772 2838 858 2922 quod
881 2842 1010 2904 tautum
1034 2859 1068 2905 se

58 2928 98 2993 ab
127 2927 251 2993 invidia
277 2927 440 3011 putabant
467 2925 628 3010 afuturos,
660 2929 818 3009 quantum
846 2948 865 2990 a
892 2931 1069 3012 conspectu

57 3036 193 3082 snorum
225 3016 427 3081 recesserint.
471 3015 582 3099 itaque
613 3013 727 3080 Conon
757 3014 936 3099 plurimum
968 3014 1068 3099 prri

56 3105 148 3190 vixit,
171 3102 354 3189 Iphicrates
377 3103 413 3166 in
426 3101 592 3185 Thraecia,
610 3101 801 3166 Timotheus
815 3100 922 3186 Lesbi,
945 3101 1067 3168 Chares

57 3191 162 3281 Sigei,
194 3192 363 3258 dissimilis
392 3190 522 3274 quidem
549 3188 671 3255 Chares
703 3190 820 3256 horum
848 3194 882 3255 et
908 3189 1004 3254 factis
1033 3194 1067 3255 et

56 3283 218 3366 moribus,
245 3281 301 3346 sed
328 3284 439 3344 tamen
461 3277 600 3344 Athenis
624 3282 658 3342 et
680 3279 859 3344 honoratus
884 3280 917 3341 et
938 3280 1065 3360 potens.

145 3368 306 3435 Chabrias
337 3372 447 3432 autem
478 3367 576 3450 periit
607 3367 694 3432 bello
727 3365 839 3431 sociali
871 3364 931 3428 tali
960 3364 1108 3430 modat

55 3458 292 3546 oppugnabant
310 3456 528 3522 Athenienses
548 3454 674 3520 Chium.
712 3456 782 3519 erat
805 3453 840 3517 in
862 3452 965 3523 classe
985 3449 1066 3516 ohe

55 3546 144 3613 brias
169 3547 333 3631 privatus,
363 3545 421 3612 sed
445 3565 574 3631 onmes,
605 3542 664 3630 qui
687 3543 728 3608 'm
751 3540 966 3625 magistratu
984 3540 1101 3610 arasse,
