2400 3922
117 226 160 292 52
435 222 508 278 XIV.
526 221 708 278 DATAMES.
737 228 761 276 δ.
782 229 806 277 6.

117 369 305 454 amicitiam,
328 389 458 432 manum
478 371 653 450 comparat,
671 367 769 431 urbes
788 367 931 432 munitas
951 368 1019 432 suis
1036 371 1129 433 tuen-

118 460 175 523 das
199 457 309 522 tradit.

82 546 103 612 6
206 544 269 610 Sed
288 545 369 610 haec
386 547 521 628 propter
538 543 677 607 hiemale
696 546 826 625 tempus
845 543 953 607 minus
970 565 1129 628 prospere

116 634 343 719 procedebant.
385 632 475 696 audit
497 631 625 696 Pisidas
650 631 807 714 quosdam
831 630 941 714 copias
972 632 1129 698 adversus

37 816 38 819 ψ
118 719 1130 894 {Mrthflhtrtt?{tfithtttttttlb

118 900 166 964 ita
189 919 308 984 magna
331 919 404 962 cum
428 918 539 980 manu,
567 896 689 979 celans,
717 897 876 978 quantum
898 895 1017 960 vulnus
1041 917 1130 962 aoce-

48 1023 52 1029 ·
118 988 231 1072 pisset,
250 985 335 1070 quod
352 984 442 1067 prius
463 984 503 1048 ad
520 983 650 1048 hostem
663 983 831 1066 pervenire
846 983 1007 1070 cupiebat,
1031 1005 1131 1068 quam

119 1076 158 1140 de
181 1074 265 1138 male
288 1094 322 1137 re
345 1075 439 1157 gesta
461 1072 549 1136 fama
567 1071 608 1136 ad
627 1092 702 1136 suos
720 1070 914 1156 perveniret,
935 1093 977 1137 ne
996 1074 1130 1158 cognita

84 1163 179 1230 afilii
201 1163 307 1226 morte
330 1160 439 1224 animi
453 1160 703 1225 debilitarentur
726 1159 877 1224 militum.
915 1181 979 1244 quo
998 1165 1129 1227 conten·

120 1252 227 1334 derat,
257 1248 405 1332 pervenit
436 1248 541 1332 iisque
568 1248 649 1312 locis
678 1250 785 1312 castra
817 1247 924 1332 ponit,
955 1252 994 1313 ut
1023 1271 1130 1333 neque

120 1337 284 1404 circumiri
307 1336 517 1401 multitudine
541 1335 799 1400 adversariorum
817 1340 930 1419 posset
948 1359 1053 1421 neque
1071 1338 1130 1402 im·

119 1426 233 1511 pediri,
256 1425 429 1510 quominus
451 1425 522 1509 ipse
546 1425 586 1489 ad
604 1424 823 1488 dimicandum
842 1446 975 1489 manum
992 1425 1131 1492 haberet

85 1514 312 1599 serpeditam.
357 1518 428 1578 erat
451 1534 525 1578 cum
548 1535 586 1578 eo
609 1511 904 1597 Mithrobarzanes,
932 1535 1023 1578 socer
1051 1515 1131 1600 eius,

119 1603 304 1689 praefectus
336 1603 492 1687 equitum.
542 1602 571 1666 is
604 1599 783 1684 desperatis
816 1601 928 1684 generi
960 1602 1058 1667 rebus
1090 1604 1131 1668 ad

120 1692 234 1757 hostes
257 1689 444 1774 transfugit.
489 1689 523 1754 id
545 1688 701 1752 Datames
724 1691 762 1753 ut
790 1688 929 1772 audivit,
957 1691 1074 1776 sensit,
1102 1692 1131 1756 si

122 1781 157 1844 in
182 1780 314 1845 turbam
341 1779 461 1842 exisset
488 1777 529 1841 ab
556 1776 688 1840 homine
715 1780 785 1840 tem
811 1777 995 1843 necessario
1018 1800 1053 1844 se
1083 1801 1130 1845 re

121 1869 246 1951 lictum,
268 1866 414 1930 futurum
437 1866 475 1928 ut
498 1864 598 1929 ceteri
616 1864 695 1928 idem
714 1863 886 1929 consilium
904 1871 1131 1952 sequerentur,

86 1957 225 2035 rituque
246 1953 281 2017 in
302 1952 420 2036 vulgus
444 1951 512 2016 edit
535 1972 593 2016 suo
623 1952 715 2016 iussu
737 1951 1036 2020 Mithrobarzanem
1058 1978 1131 2039 pro·

122 2041 245 2106 fectum
266 2060 326 2123 pro
348 2038 498 2126 perfuga,
522 2060 586 2123 quo
609 2038 736 2105 facilius
760 2045 909 2124 receptus
932 2041 1132 2109 interficeret

121 2130 248 2195 hostes:
280 2149 379 2212 quare
410 2127 552 2211 relinqui
579 2150 653 2193 eum
680 2151 740 2212 par
765 2150 832 2193 non
859 2151 929 2194 esse
957 2134 991 2195 et
1017 2152 1130 2197 omnes

123 2215 296 2283 confestim
319 2216 419 2299 sequi.
456 2216 542 2300 quod
561 2216 590 2281 si
609 2217 717 2282 animo
742 2221 873 2282 strenuo
897 2216 1061 2304 fecissent,
1084 2219 1131 2285 fu-

123 2311 234 2371 turum
260 2308 299 2370 ut
325 2305 501 2370 adversarii
532 2326 599 2370 non
629 2309 765 2389 possent
796 2305 963 2391 resistere,
995 2329 1070 2372 cum
1099 2313 1132 2373 et

88 2396 211 2461 sintra
242 2394 365 2460 vallum
392 2397 426 2458 et
457 2393 538 2459 foris
570 2394 788 2459 caederentur.
831 2393 894 2459 hac
925 2417 960 2460 re
991 2397 1132 2479 probata

124 2483 302 2548 exercitum
333 2482 458 2566 educit,
489 2481 787 2547 Mithrobarzanem
817 2483 1043 2569 persequitur,
1076 2485 1132 2568 qui

124 2576 253 2637 tantum
268 2571 354 2655 quod
372 2571 413 2634 ad
430 2570 542 2636 hostes
560 2574 761 2655 pervenerat,
778 2590 848 2635 cum
860 2568 1017 2636 Datames
1038 2572 1133 2658 signa

88 2676 105 2724 o
123 2659 237 2725 inferri
259 2659 359 2724 iubet.
395 2658 524 2723 Pisidae
546 2679 631 2722 nova
652 2680 687 2723 re
711 2658 866 2723 commoti
889 2660 924 2722 in
947 2660 1132 2743 opinionem

124 2747 325 2811 adducuntur
350 2744 505 2831 perfugas
533 2747 619 2811 mala
645 2746 708 2811 fide
736 2746 982 2830 compositoque
1004 2747 1132 2833 fecisse,

123 2837 162 2898 ut
184 2832 307 2916 recepti
329 2833 446 2897 maiori
468 2838 578 2899 essent
597 2834 786 2899 calamitati.
822 2835 965 2919 primum
984 2858 1040 2902 eos
1060 2837 1133 2902 ado·

124 2921 261 2985 riuntur.
293 2919 343 2983 illi
361 2942 443 3003 cum,
463 2921 540 3004 quid
559 2925 710 3006 ageretur
728 2926 786 2986 aut
804 2945 903 3007 quare
921 2923 1024 3008 fieret,
1043 2925 1133 3011 igno·

124 3011 247 3091 rorent,
275 3008 380 3072 coacti
408 3012 484 3073 sunt
506 3031 580 3074 oum
602 3008 642 3073 iis
669 3030 828 3096 pugnare,
850 3011 892 3076 ad
920 3034 1001 3096 quos
1029 3016 1133 3079 trans·

125 3097 239 3180 ierant,
261 3096 302 3161 ab
325 3095 430 3179 iisque
456 3100 552 3180 stare,
576 3118 656 3181 quos
680 3098 893 3182 reliquerant:
918 3101 1035 3184 quibus
1060 3123 1134 3167 oum

90 3185 233 3252 rneutri
255 3188 435 3269 parcerent,
458 3185 607 3250 celeriter
629 3190 706 3251 sunt
725 3188 854 3253 concisi.
890 3189 1034 3273 reliquos
1053 3188 1134 3254 Pisi-

125 3276 183 3339 das
206 3275 395 3339 resistentes
413 3272 569 3339 Datames
593 3275 730 3339 invadit:
752 3277 859 3359 primo
882 3276 1008 3360 impetu
1030 3277 1134 3361 pellit,

125 3362 288 3448 fugientes
306 3363 521 3447 persequitur,
540 3363 661 3428 multos
680 3365 844 3449 interficit,
863 3368 971 3429 castra
987 3365 1134 3432 hostium

83 3465 107 3510 e
122 3451 220 3530 capit.
268 3451 328 3516 tali
356 3451 492 3517 oonsilio
519 3472 584 3516 uno
611 3455 759 3536 tempore
786 3456 819 3517 et
850 3453 1034 3537 proditores
1065 3476 1134 3539 per-

101 3534 190 3595 culit
208 3541 246 3600 et
260 3538 384 3606 hostes
400 3539 606 3630 profligavit,
629 3544 673 3626 et,
690 3540 779 3625 quod
795 3541 838 3605 ud
851 3541 1029 3624 perniciem
1042 3564 1134 3608 suam
