2400 3922
395 217 469 274 XIV.
487 218 669 275 DATAMES.
694 227 770 276 6-8.
1043 225 1086 288 53

75 365 184 430 fuerat
203 365 395 450 cogitatum,
418 364 450 429 id
474 364 515 428 ad
538 365 678 430 salutem
697 367 865 431 convertit.
901 389 965 451 quo
983 391 1087 454 neque

76 453 205 518 acutius
237 452 336 517 ullius
369 452 576 537 imperatoris
606 453 795 538 cogitatum·
819 476 924 538 neque
952 458 1087 523 celerius

75 544 201 608 factum
223 561 362 624 usquam
384 540 533 626 legimus.

165 629 219 694 Ab
241 629 305 694 hoc
328 633 439 693 tamen
461 629 531 693 viro
556 627 694 714 Sisines,
723 631 865 695 maximo
888 635 969 697 natu
992 632 1088 718 filius,
1108 634 1127 698 7

76 718 194 785 desciit
221 718 262 783 ad
290 737 464 803 regemque
492 717 626 782 transiit
653 722 686 782 et
709 719 748 784 de
776 718 955 785 defectione
983 721 1088 804 patris

75 806 205 873 detulit.
251 827 315 890 quo
342 806 458 870 nuntio
482 804 679 871 Artaxerxes
703 812 899 893 commotus,
929 809 1015 892 quod
1041 809 1089 874 in-

75 895 257 981 tellegebat
284 894 348 959 sibi
376 916 449 959 cum
476 894 546 958 viro
578 892 659 958 forti
687 916 725 960 ac
755 900 887 960 strenuo
918 897 1089 981 negotium

75 1006 158 1069 esse,
181 983 238 1068 qui
261 987 295 1047 et
317 982 407 1066 prius
431 982 576 1067 cogitare
600 1003 698 1066 quam
717 985 827 1050 conari
846 989 1035 1050 consuesset
1052 989 1088 1069 et,

76 1095 151 1138 cum
166 1070 354 1158 cogitasset,
372 1070 478 1136 facere
497 1071 639 1154 auderet,
657 1071 940 1157 Autophrodatem
958 1074 993 1138 in
1007 1072 1088 1157 Cap·

75 1161 248 1248 padociam
275 1159 389 1224 mittit.
434 1159 488 1223 hic
514 1181 555 1223 ne
582 1159 706 1225 intrare
734 1164 859 1245 posset,
890 1163 1024 1246 saltum,
1054 1163 1123 1226 ina

76 1271 141 1334 quo
162 1247 296 1314 Ciliciae
319 1251 433 1332 portae
457 1251 534 1312 sunt
557 1247 649 1331 sitae,
671 1247 828 1314 Datames
851 1271 1088 1334 praeoccupare

76 1337 213 1403 studuit.
258 1335 315 1402 sed
342 1340 410 1401 tam
441 1335 550 1400 subito
578 1336 688 1420 copias
717 1337 907 1403 contrahere
934 1360 1002 1404 non
1032 1355 1122 1423 poa

75 1427 152 1491 tuit.
198 1446 219 1490 a
246 1445 310 1508 qua
337 1446 372 1489 re
400 1425 552 1507 depulsus
581 1445 655 1488 cum
682 1447 721 1489 ea
748 1447 859 1510 manu,
889 1447 987 1509 quam
1015 1447 1088 1492 con-

75 1517 237 1596 traxerat,
260 1512 369 1578 locum
392 1512 515 1597 delegit
538 1512 654 1595 talem,
676 1515 714 1576 ut
736 1533 840 1595 neque
864 1513 1089 1579 circumiretur

76 1603 118 1668 ab
146 1601 299 1666 hostibus
326 1623 431 1685 neque
460 1600 654 1684 praeteriret
682 1600 898 1685 adversarius,
931 1602 1010 1684 quin
1035 1623 1089 1666 an-

76 1689 234 1775 cipitibus
256 1689 338 1755 locis
361 1692 572 1773 premeretur,
595 1692 641 1772 et,
664 1688 693 1752 si
716 1688 869 1752 dimicare
892 1688 1000 1773 vellet,
1021 1709 1088 1754 non

76 1780 218 1844 multum
229 1778 342 1844 obesse
357 1777 533 1842 multitudo
547 1777 694 1842 hostium
703 1798 780 1842 suae
794 1775 953 1861 paucitati
966 1781 1088 1861 posset.

166 1865 257 1932 Haec
284 1866 347 1931 etsi
369 1865 636 1949 Autophrodates
663 1865 808 1949 ridebat,
836 1869 947 1930 tamen
974 1865 1127 1932 statim8

76 1954 366 2039 molceitcongredi
389 1975 487 2037 quam
510 1976 584 2019 cum
606 1955 709 2020 tantis
732 1954 835 2038 copiis
858 1953 1006 2040 refugere
1030 1958 1088 2019 aut

77 2049 148 2109 tam
170 2043 226 2108 diu
248 2064 313 2108 uno
335 2042 408 2107 loco
432 2043 550 2108 sedere.
595 2042 740 2108 habebat
762 2042 978 2108 harbarorum
1000 2043 1122 2127 equi-a

77 2137 150 2197 tum
168 2131 296 2216 viginti,
319 2130 465 2215 peditum
485 2135 615 2195 eentum
638 2131 738 2216 milia,
761 2152 843 2214 quos
861 2131 912 2195 illi
926 2130 1087 2197 Cardacas

77 2219 259 2304 appellant,
289 2218 496 2302 eiusdemque
524 2218 652 2303 generis
676 2219 740 2284 tria
763 2218 854 2282 milia
876 2217 1088 2304 frmditorum,

76 2312 247 2393 praeterea
261 2306 489 2391 Cappadocum
509 2309 584 2371 octo
607 2305 707 2389 milia,
730 2305 961 2370 Armeniorum
978 2307 1088 2371 decem

77 2397 182 2482 milia,
209 2396 460 2480 Paphlagonum
484 2394 625 2478 quinque
653 2393 757 2478 milia,
784 2392 954 2478 Phrygum
977 2392 1087 2457 decem

77 2485 184 2570 milia,
207 2483 373 2568 Lydorum
396 2483 538 2566 quinque
561 2481 665 2565 milia,
687 2479 928 2564 Aspendiorum
951 2484 984 2545 et
1006 2480 1088 2545 Pisi-

77 2573 192 2639 darum
215 2572 345 2638 circiter
367 2571 432 2636 tria
454 2570 559 2654 milia,
582 2569 720 2636 Cilicum
743 2569 806 2633 duo
830 2568 934 2653 milia,
958 2566 1087 2652 captia

75 2683 194 2726 norum
221 2661 373 2745 totidem,
403 2681 442 2724 ex
471 2658 607 2723 Graecia
635 2658 868 2723 conductorum
895 2656 960 2721 tria
987 2656 1089 2740 milia,
1120 2676 1121 2680 ¹

75 2750 157 2815 levis
190 2752 374 2814 armaturae
406 2747 585 2812 maximum
615 2768 794 2811 numerum.
839 2745 900 2810 has
933 2745 1122 2810 adversust

76 2837 187 2921 copias
216 2858 290 2921 spes
318 2837 424 2900 omnis
453 2834 655 2901 consistebat
676 2833 811 2899 Datami
837 2835 873 2899 in
896 2856 930 2900 se
960 2834 1088 2918 locique

74 2930 194 2991 natura
226 2946 366 3008 namque
389 2923 485 2988 huius
508 2927 635 3008 partem
653 2945 720 2990 non
737 2922 881 2988 habebat
899 2923 1088 2988 vicesimam

76 3014 244 3079 rnilitum.
295 3013 412 3097 quibus
445 3011 549 3077 fretus
582 3011 729 3078 conflixit
766 3011 1087 3095 adversariorumque

75 3102 180 3167 multa
203 3101 295 3166 milia
318 3100 468 3183 concidit,
491 3121 565 3165 cum
588 3100 627 3165 de
649 3099 753 3183 ipsius
776 3101 920 3165 exercitu
937 3120 1004 3163 non
1023 3119 1088 3161 am·

73 3190 161 3273 plius
193 3189 363 3254 hominum
395 3188 484 3252 mille
517 3187 696 3252 cecidisset.
749 3209 847 3271 quam
879 3186 920 3251 ob
955 3206 1087 3249 causam

73 3282 208 3362 postero
232 3278 283 3342 die
307 3282 479 3360 tropaeum
501 3274 620 3359 posuit,
644 3295 708 3358 quo
731 3275 804 3340 loco
831 3272 935 3357 pridie
964 3292 1087 3357 pugna

74 3370 146 3432 tum
174 3370 253 3431 erat.
298 3365 375 3430 hinc
403 3385 476 3430 cum
505 3366 612 3427 castra
639 3362 797 3427 movisset
822 3381 1013 3444 semperque
1041 3361 1123 3425 in-4

72 3453 174 3521 ferior
190 3454 292 3539 copiis
307 3452 454 3537 superior
473 3449 623 3515 omnihus
642 3449 775 3534 proeliis
795 3448 986 3529 discederet,
1001 3447 1094 3542 quod

72 3563 251 3626 numquam
283 3562 417 3608 manum
450 3542 655 3627 consereret,
683 3537 755 3605 rixs'i
786 3558 870 3602 cum
897 3535 1121 3599 aduersam
