2400 3922
381 245 466 302 xvu.
485 245 693 303 sosarmus.
722 208 799 303 e-s.
1046 246 1090 311 69
1123 303 1127 312 .

87 390 288 475 apparuerit,
319 391 383 454 nisi
414 391 470 456 ille
502 391 634 475 suisset,
666 390 818 475 Spartam
850 391 993 456 futuram
1024 412 1090 456 non

87 479 195 543 fuisse.
240 477 275 542 in
298 500 362 562 quo
386 479 516 563 quidem
544 480 729 544 discrimine
753 480 901 544 celeritas
926 480 994 543 eius
1018 495 1125 544 con-2

88 567 152 632 silii
173 566 270 631 saluti
294 566 358 630 fuit
376 567 543 632 universis.
580 590 656 632 uam
676 589 748 633 cum
763 568 894 651 quidam
909 567 1091 632 adulescen-

87 655 149 720 tuli
180 654 325 719 hostium
356 655 495 720 adventu
526 657 693 739 perterriti
721 656 761 719 ad
788 655 959 719 Thebanos
987 659 1091 719 trans-

87 743 199 829 fugere
218 743 338 808 vellent
356 747 390 808 et
407 744 515 808 locum
539 748 630 809 extra
647 745 762 809 urbem
780 743 903 808 editum
922 743 1091 827 cepissent,

87 831 273 916 Agesilaus,
302 832 356 915 qui
384 831 695 915 perniciosissimum
718 831 788 896 fore
810 831 947 914 uideret,
975 831 1003 895 si
1026 830 1091 894 ani-

88 920 292 984 madversum
325 924 411 984 esset
443 940 638 1003 quemquam
671 920 711 984 ad
742 919 854 985 hostes
887 917 1090 1003 transfugere

89 1007 210 1091 conari,
239 1028 311 1071 cum
340 1008 406 1072 suis
434 1029 472 1072 eo
500 1009 589 1072 uenit
617 1011 727 1092 atque,
756 1011 794 1072 ut
822 1008 849 1071 si
872 1007 958 1071 bono
983 1006 1089 1070 animo

88 1095 249 1176 fecissent,
272 1095 416 1159 laudavit
439 1095 612 1160 consilium
634 1117 755 1180 eorum,
779 1095 864 1179 quod
888 1117 960 1160 eum
983 1095 1091 1159 locum

88 1186 312 1265 occupassent:
335 1182 368 1246 id
392 1203 425 1247 se
445 1204 572 1266 quoque
591 1183 662 1247 fieri
679 1184 795 1249 debere
815 1182 1090 1248 animadvertisse.

88 1272 134 1335 sic
167 1270 387 1334 adulescentes
421 1269 574 1334 simulata
605 1271 791 1336 laudatione
823 1271 1025 1356 recuperavit
1058 1273 1125 1334 ets

88 1358 248 1423 adiunctis
281 1358 320 1420 de
353 1357 419 1420 suis
453 1357 626 1422 comitibus
662 1358 769 1422 locum
805 1363 914 1424 tutum
949 1358 1090 1441 reliquit.

88 1467 227 1528 namque
247 1443 297 1507 illi
316 1444 441 1508 adiecto
460 1466 593 1509 numero
613 1467 733 1529 eorum,
757 1447 812 1528 qui
831 1450 978 1530 expertes
999 1448 1091 1510 erant

87 1533 226 1615 consilii,
249 1552 450 1596 commovere
474 1553 507 1595 se
530 1554 596 1597 uon
619 1537 695 1597 sunt
718 1533 789 1596 ausi
808 1554 909 1616 eoque
927 1534 1091 1613 libentius,

88 1621 174 1705 quod
197 1621 300 1684 latere
324 1619 567 1684 arbitrabantur
590 1640 672 1702 quae
695 1620 927 1704 cogitaverant.

179 1706 254 1772 Sine
287 1706 384 1771 dubio
416 1711 493 1790 post
524 1706 728 1772 Leuctricam
762 1729 904 1794 pugnam
936 1706 1130 1771 Lacedae-l

89 1797 189 1861 monii
218 1816 252 1858 se
280 1816 457 1878 numquam
484 1795 666 1861 refecerunt
692 1817 796 1880 neque
829 1795 1003 1880 pristinum
1034 1793 1092 1857 im·

87 1885 213 1969 perium
227 1887 467 1967 recuperarunt,
486 1906 559 1949 cum
577 1885 710 1950 interim
728 1906 905 1968 numquam
919 1882 1091 1969 Agesilaus

87 1973 215 2038 destitit
245 1971 499 2054 quibuscumque
530 1973 626 2037 rebus
658 1977 770 2057 posset
801 1973 941 2058 patriam
973 1972 1091 2035 iuuare.

88 2083 163 2125 nam
187 2081 259 2124 cum
281 2060 453 2143 praecipue
471 2058 718 2126 Lacedaemonii
741 2061 924 2147 indigerent
946 2059 1092 2146 pecunia,
1110 2073 1126 2122 a

88 2151 143 2213 ille
167 2147 326 2229 omnibus,
350 2147 405 2230 qui
429 2168 448 2210 a
471 2167 546 2231 rege
570 2147 766 2234 defecerant,
788 2150 949 2232 praesidio
972 2148 1049 2213 fuit:
1073 2168 1092 2210 a

88 2236 205 2321 quibus
238 2255 357 2319 magna
388 2233 526 2298 donatus
558 2237 694 2317 pecunia
729 2238 869 2319 patriam
902 2235 1090 2300 sublevavit.

88 2329 186 2408 atque
200 2324 234 2387 in
247 2323 311 2387 hoc
324 2322 405 2386 illud
419 2322 567 2405 inprimis
582 2322 645 2386 fuit
655 2322 854 2406 admirabile,
869 2345 941 2388 cum
952 2323 1093 2385 maxima
1110 2338 1126 2387 8

88 2433 222 2477 munera
245 2411 274 2475 ei
297 2411 338 2474 ab
361 2410 492 2495 regibus
517 2432 554 2474 ac
576 2410 723 2494 dynastis
747 2410 998 2493 civitatibusque
1019 2429 1091 2473 con-

87 2501 262 2582 ferrentur,
286 2497 475 2582 quodnihil
498 2519 653 2581 umquam
675 2498 807 2562 domum
830 2519 921 2562 suam
945 2496 1092 2579 contulit,

87 2589 169 2653 nihil
184 2587 222 2651 de
236 2587 334 2671 victu,
352 2586 435 2649 nihil
449 2586 488 2651 de
502 2586 624 2651 vestitu
637 2585 802 2651 Laconum
816 2585 964 2651 mutavit.
995 2585 1090 2648 domo
1109 2600 1127 2652 4

87 2676 199 2741 eadem
231 2675 295 2738 fuit
327 2677 511 2759 contentus,
544 2695 608 2758 qua
634 2673 870 2759 Eurysthenes,
902 2672 1092 2759 progenitor

88 2766 248 2829 maiorum
280 2784 429 2845 suorum,
461 2762 567 2828 fuerat
599 2785 690 2828 usus:
728 2784 824 2846 quam
857 2763 912 2847 qui
943 2762 1091 2843 intrarat,

86 2853 212 2917 nullum
240 2851 370 2937 signum
397 2850 555 2935 libidinis,
582 2851 708 2916 nullum
729 2851 875 2916 luxuriae
902 2851 1010 2917 videre
1036 2871 1091 2935 po

87 2945 182 3023 terat,
206 2944 319 3004 contra
338 2961 376 3004 ea
395 2939 536 3022 plurima
553 2940 730 3022 patientiae
749 2943 846 3025 atque
866 2940 1091 3006 abstinentiae.

87 3030 134 3094 sic
158 3028 244 3094 enim
268 3031 338 3091 erat
360 3027 529 3110 instructa,
553 3033 590 3092 ut
614 3028 646 3092 in
669 3028 760 3092 nulla
782 3051 816 3094 re
840 3029 983 3094 differret
1001 3049 1022 3092 o
1040 3050 1091 3092 ou-

87 3117 188 3182 iusvis
212 3116 318 3198 inopis
343 3119 440 3195 atque
463 3115 591 3198 privati.

174 3205 283 3287 Atque
312 3203 366 3267 hic
393 3205 504 3266 tantus
533 3203 582 3266 vir
609 3207 646 3267 ut
668 3207 819 3268 naturam
841 3203 1013 3267 fautricem
1035 3203 1089 3268 ha·
1109 3205 1129 3270 8

86 3294 202 3358 buerat
225 3292 259 3355 in
282 3289 462 3355 tribuendis
491 3290 591 3354 animi
618 3291 808 3374 virtutibus,
836 3291 882 3355 sic
910 3290 1089 3356 maleficam

84 3385 200 3446 nactus
229 3383 279 3445 est
306 3379 340 3443 in
368 3398 501 3461 corpore
529 3377 693 3463 fingendo:
722 3400 798 3443 nam
821 3381 855 3440 et
878 3380 1004 3441 statura
1027 3377 1090 3443 fuit

85 3469 201 3534 humili
221 3472 254 3533 et
272 3488 405 3551 corpore
425 3465 540 3551 exiguo
561 3469 594 3529 et
613 3465 745 3530 claudus
765 3465 867 3530 altero
886 3465 975 3549 pede.
1008 3487 1092 3547 quae

86 3579 138 3624 res
169 3556 267 3622 etiam
297 3554 488 3621 nonnullam
520 3552 681 3620 afferebat
712 3551 987 3630 deformitatem,
1011 3554 1123 3624 aazias
