2400 3922
407 226 466 281 XK
486 225 686 283 TIMOLEON.
714 234 738 283 2.
757 235 782 284 8.
1056 230 1099 294 83

87 368 216 434 licitate
239 368 436 453 Dionysium
464 373 537 436 tota
561 369 673 437 Sicilia
700 371 833 456 depulit.
879 394 952 438 cum
978 374 1133 439 intorti-2

88 478 160 522 cere
183 461 312 542 posset,
334 458 454 542 noluit,
477 462 615 542 tutoque
638 463 677 524 ut
699 458 893 525 Corinthum
915 463 1099 545 perveniret

88 544 212 630 effecit,
248 546 335 629 quod
371 550 584 630 utrorumque
620 547 854 632 Dionysiorum
891 548 1007 631 opibus
1039 548 1099 615 00-

87 631 204 697 rinthii
227 655 322 718 saepe
346 634 449 698 adiuti
472 634 611 719 fuerant,
634 636 725 701 cuius
748 636 961 721 benignitatis
981 658 1099 702 memo·

88 721 173 786 riam
200 723 332 787 volebat
359 726 502 806 exstare,
534 744 668 807 eamque
700 725 900 808 praeclaram
927 724 1099 790 victoriam

88 809 242 893 ducebat,
271 810 306 874 in
333 832 398 893 qua
424 811 498 895 plus
521 815 608 876 esset
631 812 820 877 clementiae
844 833 943 895 quam
965 813 1099 878 crudeli-

88 897 179 981 tatis,
200 902 368 982 postremo
391 903 429 963 ut
450 920 518 963 non
535 900 641 965 solum
660 900 792 965 auribus
812 900 1021 985 acciperetur,
1043 900 1100 965 sed

90 985 191 1050 etiam
224 986 326 1051 oculis
359 991 557 1071 comeretur,
589 1009 686 1071 quem
713 1010 752 1053 ex
779 992 902 1071 quanto
929 1008 1030 1074 regno
1058 988 1099 1052 ad

89 1095 189 1157 quam
220 1073 386 1139 fortunam
419 1074 598 1139 detulisset.
646 1080 723 1160 post
749 1074 900 1160 Dionysii
933 1077 1134 1141 decessumu

90 1184 165 1227 cum
191 1159 310 1227 Hiceta
340 1163 490 1246 bellavit,
523 1163 579 1245 qui
611 1163 799 1229 adversatus
827 1168 898 1229 orat
925 1163 1099 1247 Dionysio:

90 1271 187 1333 quem
209 1271 276 1314 non
298 1250 372 1315 odio
395 1249 577 1334 tyrannidis
606 1251 809 1336 dissensisse,
837 1252 893 1317 sed
920 1252 1097 1336 cupiditate

89 1337 210 1402 indicio
232 1337 307 1421 fuit,
331 1337 417 1420 quod
439 1339 509 1422 ipse
533 1338 666 1421 expulso
685 1336 844 1422 Dionysio
862 1340 1035 1424 imperium
1054 1339 1098 1403 di·
1180 1382 1195 1391 -

89 1426 222 1490 mittere
239 1425 354 1489 noluit.
386 1424 449 1489 hoc
468 1428 620 1509 superato
634 1425 804 1490 Timoleon
817 1428 974 1491 maximas
989 1427 1098 1511 copias
1116 1443 1135 1493 4

89 1512 417 1598 Karthaginiensium
444 1512 529 1596 apud
553 1510 733 1577 Crinissum
760 1513 882 1577 flumen
907 1513 1035 1597 fugavit
1062 1535 1099 1579 ac

89 1602 172 1667 satis
195 1599 316 1664 habere
343 1599 466 1684 coigit,
495 1600 523 1664 si
550 1600 664 1664 liceret
686 1598 832 1664 Africam
855 1599 1016 1682 obtinere,
1044 1600 1100 1681 qui

88 1690 157 1754 iam
181 1687 363 1771 complures
387 1708 488 1752 annos
517 1687 759 1772 possessionem
783 1686 913 1752 Siciliae
937 1686 1100 1751 tenebant.

90 1777 179 1862 cepit
211 1776 311 1839 etiam
342 1773 557 1860 Mamercum,
589 1774 742 1840 Italicum
774 1775 903 1858 ducem,
934 1773 1101 1838 hominem

89 1865 283 1930 bellicosum
306 1866 340 1926 et
361 1866 543 1948 potentem,
567 1863 623 1946 qui
646 1868 802 1947 tyrannos
826 1861 973 1928 adiutum
995 1862 1030 1926 in
1053 1859 1101 1926 Si-

91 1953 201 2019 ciliam
224 1955 365 2016 venerat.

181 2039 306 2116 Quibus
324 2040 421 2103 rebus
440 2038 596 2104 conlectis
615 2061 689 2105 cum
702 2044 837 2124 propter
851 2040 1100 2106 diuturnitatem
1118 2043 1139 2108 3

91 2129 171 2194 belli
197 2149 265 2193 non
291 2126 398 2192 solum
425 2127 588 2212 regiones,
621 2127 676 2191 sed
704 2129 803 2193 etiam
830 2129 927 2193 urbes
955 2128 1099 2193 desertas

91 2217 225 2300 videret,
248 2214 445 2298 conquisivit
469 2235 550 2297 quos
568 2214 687 2297 potuit,
709 2216 851 2298 primum
866 2213 1003 2299 Siculos,
1026 2216 1101 2281 dein

92 2303 251 2372 Corintho
275 2302 445 2369 arcessivit
468 2302 614 2384 colonos,
643 2301 730 2384 quod
757 2302 798 2366 ab
821 2303 862 2366 iis
884 2303 980 2366 initio
1006 2301 1100 2384 Syra

92 2414 188 2459 cusae
212 2395 305 2457 erant
327 2390 484 2457 conditae.
530 2388 655 2455 civibus
677 2389 841 2453 veteribus
864 2409 923 2453 sua
945 2388 1134 2473 restituta

91 2480 185 2546 novis
212 2479 299 2544 bello
326 2478 530 2544 vacuefactas
558 2477 780 2561 possessiones
813 2475 938 2559 divisit,
969 2476 1100 2540 urbium

92 2569 221 2634 moenia
252 2567 387 2632 disiecta
418 2565 557 2648 fanaque
590 2565 718 2630 detecta
748 2562 878 2647 refecit,
910 2563 1099 2629 civitatibus

91 2657 181 2742 leges
204 2656 454 2738 libertatemque
475 2653 628 2719 reddidit:
652 2675 690 2718 ex
709 2653 850 2718 maximo
868 2652 956 2716 bello
970 2654 1100 2715 tantum

92 2743 198 2810 otium
225 2747 315 2808 totae
343 2743 467 2808 insulas
495 2740 694 2825 conciliavit,
725 2745 763 2805 ut
791 2740 845 2806 hic
873 2739 1023 2805 conditor
1048 2761 1099 2806 ur-

91 2833 183 2898 bium
206 2853 326 2915 earum,
347 2852 414 2896 non
435 2831 485 2894 illi
508 2830 564 2913 qui
583 2829 677 2894 initio
699 2828 904 2912 deduxerant,
927 2827 1099 2894 videretur.

91 2942 200 2986 arcem
224 2918 403 3004 Syracusis,
426 2940 524 3003 quam
547 2918 708 2983 munierat
725 2916 903 3001 Dionysius
927 2917 967 2982 ad
985 2917 1099 2982 urbem
1118 2935 1134 2984 3

91 3008 313 3092 obsidendam,
336 3029 356 3071 a
377 3005 597 3071 fundamentis
621 3006 762 3090 disiecit,
786 3009 895 3071 cetera
916 3006 1098 3089 tyrannidis

90 3096 337 3182 propugnacula
355 3094 529 3159 demolitus
548 3097 599 3159 est
617 3093 768 3176 deditque
788 3115 929 3177 operam,
949 3097 987 3156 ut
1002 3113 1099 3174 quam

91 3185 225 3250 minime
245 3184 350 3262 multa
367 3181 508 3266 vestigia
522 3181 689 3246 servitutis
703 3185 879 3245 manerent.
909 3201 981 3244 cum
996 3178 1098 3242 tantis
1117 3195 1134 3244 4

91 3276 180 3339 esset
203 3272 329 3357 opibus,
350 3275 389 3336 ut
407 3269 506 3333 etiam
524 3268 635 3332 invitis
654 3268 812 3352 imperare
826 3269 947 3352 posset,
970 3268 1100 3329 tantum

91 3365 203 3426 autem
226 3380 370 3425 amorem
392 3357 528 3423 haberet
551 3355 695 3420 omnium
719 3353 915 3437 Siculorum,
944 3356 982 3416 ut
1008 3352 1098 3416 nullo

91 3453 263 3516 recusante
281 3467 418 3532 regnum
433 3445 579 3510 obtinere
595 3443 702 3526 liceret,
716 3442 832 3507 maluit
846 3462 881 3505 se
895 3439 988 3524 diligi
1002 3461 1102 3522 quam

91 3537 204 3605 metui.
249 3537 374 3622 itaque,
403 3555 478 3602 cum
500 3532 647 3621 primum
666 3529 800 3618 potuit,
814 3527 1007 3612 impsum
1021 3525 1127 3597 usus-

942 3625 979 3678 ψ
