2400 3922
112 224 131 287 8
388 222 423 275 11.
447 219 725 277 Tflnnlsroonna
754 229 777 276 1.
797 229 821 277 2.

77 383 93 431 3
113 387 194 449 quae
214 365 411 430 contumelia
428 388 495 430 non
512 365 613 450 fregit
632 386 714 449 eum,
733 366 789 430 sad
808 367 918 431 erexit.
950 388 1027 431 nam
1047 390 1119 433 cum

111 452 287 518 iudicasset
314 453 385 518 sine
413 475 540 519 summa
566 453 727 518 industria
752 475 819 518 non
845 475 941 537 posse
970 476 1042 519 eam
1070 478 1119 520 cr-

113 542 246 628 stingui,
260 545 369 607 totum
383 563 418 607 se
432 541 554 606 dedidit
567 541 616 606 rei
629 541 787 626 publicae,
801 541 990 627 diligentius
1006 544 1119 608 amicis

112 628 281 714 famaeque
300 630 451 695 serviens.
488 629 628 693 multum
645 629 681 694 in
703 629 831 694 iudiciis
853 631 990 713 privatis
1014 652 1120 696 versa-

112 717 226 802 batur,
248 739 344 801 saepe
366 717 402 782 in
416 716 609 804 ¹contionem
631 717 744 800 populi
766 717 932 802 prodibat,
954 718 1045 782 nulla
1068 740 1120 782 res

113 806 218 871 maior
244 805 313 869 sine
341 825 379 869 eo
407 804 595 890 gerebatur3
628 805 776 869 celeriter
804 827 886 889 quae
916 827 998 889 opus
1027 809 1120 870 erant

78 893 309 978 traperiebat,
341 890 436 956 facile
468 892 579 955 eadem
609 892 755 957 oratione
785 893 982 977 explicabat,
1014 915 1119 977 nequa

114 980 221 1046 minus
243 980 279 1044 in
299 979 397 1044 rebus
419 978 569 1064 gerendis
589 983 761 1063 promptus
780 1001 879 1063 quam
897 981 1119 1067 excogitandis

114 1073 194 1151 erat,
218 1065 303 1150 quod
322 1066 412 1131 etde
434 1066 643 1150 instantibus,
665 1071 703 1131 ut
722 1067 769 1131 ait
786 1067 1000 1152 Thucydides,
1022 1069 1120 1133 veris-

115 1156 195 1218 sime
223 1152 388 1218 iudicabat
414 1157 448 1218 et
475 1154 513 1218 de
540 1154 660 1219 futuris
691 1155 899 1220 callidissime
930 1156 1120 1222 coniciebat.

115 1263 178 1325 quo
201 1241 326 1305 factum
349 1244 399 1305 ast
421 1244 459 1305 ut
482 1241 573 1305 brevi
596 1246 742 1325 tempore
765 1242 994 1309 illustraretur.

75 1328 96 1392 2
202 1327 332 1392 Primus
355 1331 466 1392 autem
489 1329 607 1414 gradus
629 1329 694 1394 fuit
717 1332 931 1415 capessendae
950 1332 998 1396 rei
1015 1331 1120 1416 publi·

115 1437 170 1480 cae
202 1415 289 1480 bello
317 1413 513 1500 Corcyraeo:
549 1418 589 1481 ad
619 1418 705 1501 quod
737 1419 913 1504 gerendum
941 1423 1074 1504 praetor
1102 1440 1121 1482 a

114 1504 235 1588 populo
258 1501 365 1568 lactus
391 1525 459 1569 non
485 1505 592 1570 solum
618 1507 782 1589 praesenti
808 1508 908 1591 bello,
937 1507 993 1571 sed
1020 1507 1122 1571 etiam

80 1592 241 1676 areliquo
269 1595 416 1676 tempore
443 1592 636 1658 ferociorem
662 1594 801 1658 reddidit
824 1595 998 1659 civitatem.
1029 1615 1121 1657 nam

116 1702 189 1745 oum
215 1679 352 1764 pecunia
379 1681 524 1764 publica,
552 1702 633 1764 quae
661 1703 700 1744 ex
727 1681 868 1744 metallis
890 1679 1030 1761 redibat,
1058 1680 1121 1743 lar·

115 1769 238 1853 gitiono
253 1768 506 1853 magistratuum
520 1767 693 1851 quotannis
710 1767 868 1849 interiret,
886 1766 942 1829 ille
956 1768 1122 1848 persuasit

114 1856 236 1939 populo
259 1859 298 1920 ut
320 1877 359 1920 ea
379 1855 518 1939 pecnnia
539 1854 653 1919 classis
677 1856 807 1919 centum
823 1853 955 1918 nauium
975 1852 1121 1918 aedifica-

82 1957 97 2006 a
116 1948 214 2007 retur.
246 1963 311 2027 qua
329 1941 478 2008 celeriter
496 1941 610 2006 effecta
630 1941 772 2026 primum
791 1939 988 2026 Corcyraeos
1011 1941 1121 2026 fregit,

116 2030 229 2095 deinde
253 2030 435 2095 maritimos
462 2029 639 2113 praedones
663 2030 877 2094 consectando
900 2050 988 2094 mare
1011 2032 1122 2093 tutum

116 2117 264 2181 reddidit.
297 2119 333 2183 in
352 2139 415 2202 quo
434 2138 508 2183 cum
526 2116 648 2182 divitiis
667 2117 803 2201 ornavit,
826 2122 897 2181 tum
917 2117 1016 2181 etiam
1039 2118 1121 2201 peri-

81 2219 98 2267 4
116 2205 262 2270 tissimus
273 2205 353 2270 belli
362 2205 488 2271 naualis
499 2204 578 2270 fecit
587 2204 812 2270 Athenienses.
830 2206 863 2269 id
873 2208 1012 2288 quantae
1023 2206 1121 2269 saluti

116 2293 217 2358 faerit
238 2292 407 2358 uniuersae
426 2291 589 2378 Graeciae,
611 2294 698 2359 ballo
723 2294 890 2379 cognitum
912 2296 963 2357 est
980 2292 1121 2358 Persico.

117 2403 193 2446 nam
211 2402 286 2446 cum
303 2379 426 2447 Xerxes
444 2386 479 2447 et
496 2381 580 2446 mari
597 2385 632 2447 et
649 2385 738 2446 terra
755 2381 877 2447 bellum
889 2381 1057 2446 universae
1075 2380 1121 2444 in-

117 2469 219 2534 ferret
236 2468 396 2555 Europae,
414 2491 489 2536 cum
511 2469 613 2535 tantis
632 2469 734 2552 copiis
751 2489 820 2534 eum
838 2469 960 2551 incasit,
983 2472 1121 2551 quantas

84 2571 222 2641 tneque
246 2561 321 2622 ante
343 2579 403 2622 nec
424 2561 540 2641 postea
561 2556 678 2621 habuit
700 2556 885 2638 quisquam:
916 2555 1012 2620 huius
1036 2556 1122 2619 enim

119 2646 233 2710 classis
263 2645 352 2707 mille
382 2647 416 2706 et
445 2643 658 2707 ducentarum
685 2643 818 2707 navium
848 2643 1019 2728 longarum
1050 2643 1122 2726 fuit,

120 2753 218 2814 quam
244 2730 307 2793 duo
335 2729 426 2792 milia
453 2729 673 2793 onerariarum
700 2731 930 2814 sequebantur,
958 2731 1122 2795 terrestris

120 2820 230 2882 autern
244 2815 404 2880 exercitus
418 2815 625 2901 septingenta
639 2815 795 2899 peditum,
812 2818 959 2900 equitum
974 2819 1122 2901 quadrin-

85 2923 101 2970 a
143 2907 220 2969 enta
240 2902 332 2968 milia
353 2902 494 2967 luerunt.
544 2904 634 2968 cuius
657 2903 696 2967 de
719 2903 858 2969 adventu
882 2927 955 2969 cum
977 2904 1065 2970 fama
1089 2907 1124 2970 in

121 2927 292 3058 bractam
319 2994 405 3056 esset
432 2990 558 3075 perlata
585 2994 619 3056 et
646 2991 784 3055 maxime
811 2991 1027 3057 Athenienses
1055 2993 1124 3078 peti

121 3081 305 3147 dicerentur
335 3083 470 3164 propter
501 3100 644 3165 pugnam
675 3077 933 3165 Marathoniam,
965 3081 1125 3146 miserunt

120 3168 267 3252 Delphos
295 3167 494 3252 consultum,
524 3167 677 3251 quidnam
699 3167 843 3233 facerent
865 3169 903 3234 de
926 3169 1024 3233 rebus
1048 3169 1124 3233 suis.

122 3254 376 3323 deliberantibus
398 3254 520 3341 Pythia
542 3255 721 3339 respondit,
750 3260 788 3320 ut
815 3256 984 3321 moenibus
1006 3256 1125 3342 ligneis

87 3363 158 3411 rsa
181 3345 354 3412 munirent.
398 3343 433 3408 id
459 3364 650 3427 responsum
674 3365 737 3426 quo
760 3344 883 3409 ualeret
906 3366 979 3409 cum
1001 3344 1126 3409 intelle

122 3438 215 3520 geret
245 3454 360 3517 nemo,
391 3431 626 3498 Themistocles
657 3432 821 3515 persuasit
852 3432 1023 3497 consilium
1055 3454 1126 3497 esse

110 3521 290 3605 Apollinis,
313 3521 403 3586 utin
419 3541 520 3586 naves
540 3541 574 3584 se
593 3541 714 3604 suaque
733 3520 928 3586 conferrent:
951 3542 1025 3584 eum
1039 3521 1127 3584 enim
