2400 3922
141 248 205 311 110
443 244 528 300 xxv.
546 242 709 301 Amicus.
738 249 850 300 rc-ra.

140 391 328 475 aequalibus
357 394 466 455 autem
494 389 560 454 suis
589 389 626 465 Q.
652 387 831 454 Hortensio
860 393 893 453 et
920 386 964 452 M.
992 386 1149 455 Cicerone

140 481 186 544 sic
213 478 309 562 vixit,
340 482 378 542 ut
405 477 547 542 iudicare
576 476 707 542 difficile
740 477 797 561 sit,
830 476 882 541 cui
914 476 1017 541 aetati
1048 477 1150 543 fuerit

103 584 120 632 2
139 566 339 651 aptissimus.
377 587 573 650 quamquam
596 587 670 630 eum
692 564 864 649 praecipue
888 564 1002 630 dilexit
1026 563 1149 650 Cicero,

138 660 177 722 ut
203 677 244 719 ne
270 654 374 719 frater
401 654 531 739 quidem
554 653 584 718 ei
608 652 748 728 Quintus
773 652 878 717 carior
900 653 1001 718 fuerit
1024 657 1083 718 aut
1105 654 1150 719 fa

104 743 306 808 omiliarior.
352 742 382 807 ei
405 742 452 806 rei
475 745 552 806 sunt
578 740 698 806 indicio
728 745 858 824 praeter
885 762 940 806 eos
968 740 1087 825 libros,
1116 742 1150 806 in

140 831 257 914 quibus
286 831 324 895 de
352 852 390 896 eo
422 829 502 894 facit
535 829 747 913 mentionem,
780 829 835 913 qui
865 829 899 892 in
926 829 1044 914 vulgus
1073 834 1151 894 sunt

140 920 227 1003 editi,
251 919 391 983 sedecim
408 917 574 982 volumina
593 916 816 1001 epistularum,
834 916 875 981 ab
890 916 1064 982 consulatu
1081 917 1150 983 eius

139 1029 241 1090 usque
269 1008 309 1071 ad
336 1009 517 1071 extremum
549 1009 679 1088 tempus
711 1005 752 1069 ad
778 1004 929 1069 Atticum
961 1005 1151 1070 missarum:

140 1116 222 1178 quae
246 1095 302 1177 qui
324 1094 422 1179 legat,
444 1113 511 1157 non
533 1093 673 1157 multum
697 1092 857 1158 desideret
878 1091 1054 1158 historiam
1078 1114 1151 1158 oon·

104 1202 121 1249 4
140 1187 265 1246 textam
288 1202 400 1246 eorum
423 1184 616 1264 temporum.
658 1181 704 1245 sic
727 1181 814 1245 enim
837 1181 946 1245 omnia
970 1181 1009 1245 de
1032 1181 1151 1246 studiis

139 1269 335 1353 principum,
368 1268 456 1332 vitiis
489 1269 619 1353 ducum,
651 1268 888 1334 mutationibus
921 1269 968 1333 rei
1000 1268 1151 1353 publicae

140 1357 322 1441 perscripta
345 1360 430 1443 sunt,
453 1360 491 1420 ut
512 1356 595 1421 nihil
618 1357 653 1420 in
675 1357 721 1421 eis
740 1378 807 1421 non
825 1361 984 1441 appareat
1002 1360 1036 1420 et
1054 1355 1151 1421 facile

141 1446 321 1510 existimari
344 1445 459 1530 possit,
481 1444 687 1528 prudentiam
706 1444 848 1528 quodam
866 1445 962 1509 modo
982 1465 1060 1509 cssc‘
1073 1445 1151 1510 divi·

140 1534 316 1598 nationem.
362 1533 537 1598 nonenim
560 1530 673 1598 Cicero
698 1554 736 1597 ea
763 1532 882 1616 solum,
911 1553 992 1616 quae
1016 1532 1092 1597 vivo
1117 1554 1151 1597 se

141 1623 335 1705 acciderunt,
357 1621 469 1686 fotura
486 1621 656 1705 praedixit,
679 1620 735 1685 sed
755 1620 863 1704 etiam,
886 1641 967 1703 quae
986 1640 1073 1686 nunc
1091 1642 1152 1686 usu

140 1712 283 1793 veniunt,
306 1710 424 1774 cecinit
446 1713 484 1774 ut
506 1713 606 1774 vates.

90 1798 129 1861 17
229 1797 278 1863 De
301 1799 428 1882 pietate
458 1801 568 1860 autem
595 1795 700 1861 Attici
728 1797 806 1880 quid
833 1797 928 1879 plura
957 1817 1151 1863 commemo

141 1886 232 1950 rem?
278 1907 351 1950 cum
379 1884 442 1948 hoc
470 1885 578 1967 ipsum
605 1905 679 1947 vere
707 1884 903 1970 gloriantem
931 1885 1090 1950 audierim
1117 1886 1152 1950 in

140 1973 252 2037 funera
275 1971 390 2035 matris
415 1991 500 2054 suae,
523 1992 621 2054 quam
644 1972 761 2036 extulit
785 1994 942 2037 annorum
961 1973 1152 2060 nonaginta,

141 2081 215 2124 cum
237 2061 301 2142 a'pcc
323 2063 397 2124 esset
418 2062 544 2143 septem
567 2063 601 2124 et
624 2060 803 2145 sexaginta,
826 2081 861 2125 se
878 2081 1057 2144 numquam
1078 2083 1152 2127 cum

141 2151 245 2211 matre
264 2147 300 2211 in
317 2147 459 2233 gratiam
478 2147 608 2233 redisse,
630 2169 808 2231 numquam
827 2169 899 2213 cum
918 2169 1030 2214 sorore
1049 2149 1151 2214 firisse

106 2236 176 2301 ain
204 2236 384 2320 simultate,
413 2256 511 2318 quam
537 2257 639 2319 prope
667 2237 834 2319 aequalem
866 2236 1017 2302 habebat
1064 2238 1153 2322 quod

141 2328 192 2390 est
220 2325 350 2411 signum
378 2328 437 2389 aut
462 2324 586 2389 nullam
612 2345 767 2407 umquam
797 2326 883 2388 inter
910 2345 966 2390 eos
990 2325 1152 2408 querimo-

140 2413 230 2478 niam
262 2412 496 2496 intercessisse,
529 2416 586 2476 aut
612 2413 698 2477 huno
729 2433 766 2476 ea
797 2411 898 2477 fuisse
929 2413 964 2476 in
995 2433 1072 2478 suos
1105 2415 1151 2478 in·

142 2501 321 2586 dulgentia,
352 2504 403 2585 ut,
436 2521 517 2584 quos
548 2521 656 2565 amare
684 2500 828 2584 deberet,
859 2499 956 2565 irasci
983 2500 1030 2565 ais
1058 2500 1151 2566 nefas

106 2605 122 2652 3
142 2590 282 2655 duceret.
309 2610 412 2672 neque
426 2589 459 2653 id
472 2588 552 2653 fecit
565 2593 684 2653 natura
698 2588 812 2672 solum,
827 2609 1023 2672 quamquam
1039 2610 1150 2654 omnes

142 2678 171 2742 ei
193 2699 358 2761 paremus,
386 2677 442 2741 sed
465 2676 563 2740 etiam
587 2677 747 2742 doctrina:
777 2698 852 2740 nam
874 2677 1059 2761 principum
1081 2677 1151 2761 phi-

141 2766 353 2848 losophorum
375 2764 423 2829 ita
449 2769 603 2849 percepta
629 2764 746 2829 habuit
772 2769 957 2849 praecepta,
984 2769 1023 2830 ut
1044 2765 1086 2829 iis
1110 2765 1151 2830 ad

142 2853 245 2916 vitam
268 2852 435 2936 agendam,
457 2874 523 2917 non
546 2853 586 2917 ad
610 2851 863 2917 ostentationem
885 2857 1042 2918 uteretur.

93 2940 131 3005 18
230 2938 332 3002 Moris
356 2939 456 3003 ctiam
478 2940 638 3004 maiorum
661 2962 806 3005 summus
834 2941 983 3005 imitator
1009 2940 1075 3007 fuit
1098 2962 1152 3006 an·

142 3027 371 3112 tiquitatisque
405 3031 545 3111 amator,
583 3048 680 3111 quam
713 3029 792 3093 adeo
826 3029 999 3114 diligenter
1034 3029 1152 3093 habuit

143 3118 322 3203 cognitam,
349 3118 387 3179 ut
415 3136 486 3179 eam
513 3119 619 3180 totam
645 3116 680 3179 in
708 3137 745 3181 eo
768 3117 932 3181 volumine
955 3117 1152 3201 exposuerit,

107 3221 207 3289 aquo
231 3204 444 3290 magistratus
468 3204 637 3270 ordinavit.
674 3205 763 3271 nulla
782 3205 868 3270 enim
890 3205 943 3268 lex
964 3226 1070 3288 nequa
1088 3227 1152 3290 pax

142 3315 245 3377 neque
272 3293 395 3358 bellum
422 3314 525 3376 neque
552 3315 603 3358 res
632 3293 769 3358 illustris
793 3297 844 3357 est
866 3293 979 3377 populi
1002 3293 1152 3376 Romani,

143 3402 226 3464 quae
249 3403 315 3446 non
333 3381 368 3444 in
386 3403 424 3447 eo
444 3403 502 3446 suo
522 3385 668 3465 tempore
688 3382 733 3446 sit
749 3385 874 3466 notata,
898 3384 939 3464 et,
964 3381 1051 3464 quod
1070 3380 1152 3446 diffi-

137 3469 297 3534 cillimum
325 3467 402 3555 fuit,
376 3469 479 3536 tsic
500 3467 698 3534 familiarum
721 3469 880 3554 originem
903 3431 980 3533 sdbt
965 3469 1086 3554 texuit,
1115 3472 1153 3533 ut

118 3573 164 3617 ex
185 3577 226 3620 eo
252 3521 425 3627 claroruin
448 3559 600 3628 virorum
625 3558 828 3646 propag'mea
853 3556 1019 3636 possimus
1039 3577 1152 3636 cogno-
