2400 3922
360 229 459 286 XVIII.
477 229 659 287 EUMENES.
688 237 767 287 6-8.
1026 231 1067 294 75

57 379 211 461 parerent
241 375 374 459 eiusque
405 375 549 441 consiliis
576 378 754 441 uterentur.
793 375 847 440 his
877 376 974 440 rebus
1005 374 1103 440 Euo

58 486 169 529 menes
192 467 360 547 permotus
384 463 487 528 satius
510 463 618 547 duxit,
650 463 678 528 si
700 464 748 527 ita
771 464 903 529 tulisset
929 463 1069 546 fortuna,
1127 497 1128 501 =

56 552 164 636 perire
183 552 265 616 bene
284 551 411 616 meritis
427 551 621 617 referentem
635 552 776 637 gratiam
791 572 889 634 quam
902 551 1069 636 ingratum

57 662 177 705 msere.

147 727 263 811 Itaque
291 728 403 812 copias
432 728 608 811 contraxit,
640 727 763 793 bellum
795 728 948 792 adversus
976 725 1107 790 Anti-7

55 837 183 902 ‚gonum
207 816 415 899 comparavit.
458 815 544 899 quod
566 837 631 879 una
653 820 746 881 erant
769 813 961 880 Macedones
985 835 1069 878 com·

56 905 170 987 plures
197 903 338 987 nobiles,
364 903 399 968 in
422 903 468 967 eis
492 901 677 986 Peucestes,
706 903 761 987 qui
789 903 934 986 corporis
958 906 1068 966 custos

55 992 166 1055 1111111
188 990 378 1073 Alexandri,
408 995 479 1055 tum
502 995 612 1057 autem
636 989 806 1056 obtinebat
828 989 1008 1072 Persidem,
1036 991 1069 1054 et

60 1077 251 1163 Antigenes,
274 1078 365 1143 cuius
380 1078 440 1142 sub
457 1077 593 1160 imperio
607 1077 750 1162 phalanx
763 1081 833 1143 erat
847 1075 1069 1159 Macedonum,
1173 1157 1177 1162 ἰ

55 1165 214 1229 invidiam
238 1185 351 1230 verens
371 1162 484 1250 (quam
506 1168 617 1231 tamen
639 1165 780 1250 effugere
798 1187 866 1231 non
883 1161 1016 1250 potuit),
1040 1164 1069 1229 si

59 1253 170 1337 potius
194 1253 264 1337 ipse
288 1252 470 1338 alienigena
493 1252 611 1317 summi
634 1253 763 1337 imperii
784 1254 947 1338 potiretur
970 1274 1069 1336 quam

55 1341 180 1425 aliquis
208 1339 430 1423 Macedonum,
462 1360 600 1422 quorum
630 1340 678 1405 ibi
710 1345 782 1404 erat
813 1341 1003 1424 multitudo,
1034 1341 1103 1404 ina

58 1428 230 1513 principiis
253 1427 431 1492 Alexandri
457 1427 588 1492 nomine
617 1428 863 1493 tabernaculum
890 1429 1009 1493 statuit
1035 1428 1070 1491 in

53 1538 163 1599 eoque
188 1515 302 1580 sellam
325 1535 456 1579 auream
479 1535 553 1578 eum
571 1518 700 1599 sceptro
720 1535 757 1579 ac
774 1515 955 1579 diademate
973 1516 1070 1579 iussit

58 1605 140 1688 poni
163 1623 266 1685 eoque
290 1623 402 1669 omnes
426 1600 561 1666 cottidie
584 1602 768 1686 convenire,
794 1605 832 1667 ut
854 1601 901 1666 ibi
924 1601 963 1666 de
986 1622 1070 1666 sum-

58 1692 122 1757 mis
146 1690 244 1755 rebus
269 1689 405 1755 consilia
428 1693 632 1774 caperentur,
660 1689 792 1756 credens
819 1688 944 1755 minore
968 1710 1002 1753 se
1025 1688 1071 1752 in·

56 1778 147 1844 vidia
175 1777 258 1861 fore,
288 1778 317 1842 si
345 1778 451 1862 speeie
478 1778 607 1861 imperii
633 1777 839 1862 nominisque
862 1777 1070 1842 simulatione

59 1865 238 1933 Alexandri
257 1865 379 1930 bellum
397 1866 561 1931 videretur
579 1866 815 1933 administrare.
850 1866 936 1950 quod
955 1864 1069 1930 effecit.

56 1977 137 2020 nam
155 1975 228 2018 cum
247 1975 314 2019 non
332 1954 372 2018 ad
386 1953 543 2021 Eumenis
561 1955 730 2039 principia,
753 1955 810 2021 sed
829 1955 869 2019 ad
888 1954 979 2040 regia
998 1974 1069 2020 con·
1088 1969 1104 2018 3

58 2043 225 2108 veniretur
253 2046 351 2125 atque
378 2041 425 2105 ibi
453 2042 492 2106 de
522 2042 619 2107 rebus
651 2042 897 2127 deliberaretur,
929 2043 1069 2126 quodam

60 2130 158 2230 modo
181 2130 321 2213 latebat,
351 2150 425 2194 cum
448 2132 559 2194 tamen
580 2151 638 2213 per
661 2152 734 2195 eum
757 2153 857 2197 unum
879 2136 1069 2216 gererentur

60 2240 179 2283 omma.

149 2306 212 2370 Hic
240 2306 275 2370 in
300 2305 487 2370 Paraetacis
516 2326 589 2369 cum
616 2304 785 2390 Antigono
813 2305 972 2389 conflixit,
1003 2307 1107 2371 110118

55 2395 131 2460 acie
154 2394 325 2477 instructa,
348 2393 462 2458 sedin
484 2391 609 2477 itinere,
632 2414 769 2476 eumque
792 2393 877 2458 male
900 2396 1070 2475 acceptum

60 2483 96 2548 111
119 2481 262 2548 Mediam
284 2482 464 2547 hiematum
488 2481 596 2566 coegit
623 2481 736 2546 redire.
780 2481 851 2565 ipse
874 2480 909 2544 in
930 2480 1070 2545 finitima

59 2568 996 2743 itimispilllillffallssciipltiulibil’nillil
1012 2590 1104 2720 un

60 2709 204 2831 phalanx
222 2745 399 2819 Alexandri
421 2745 544 2832 Magni,
568 2768 650 2831 quae
668 2746 783 2811 Asiam
805 2747 997 2831 peragrarat
1019 2744 1071 2810 de-

60 2835 248 2919 viceratque
270 2833 401 2919 Persas,
430 2835 612 2900 inveterata
639 2856 713 2900 cum
739 2834 846 2921 gloria
873 2838 944 2899 tum
971 2833 1070 2898 etiam

60 2922 208 3006 licentia,
234 2944 301 2988 non
323 2944 436 3007 parere
459 2945 494 2988 se
517 2923 667 3008 ducibus,
695 2924 751 2989 sed
777 2923 937 3008 imperare
960 2926 1070 3007 postu·

60 3010 166 3095 labat,
194 3014 232 3076 ut
258 3032 344 3076 nunc
371 3011 516 3077 veterani
542 3010 667 3078 faciunt
695 3011 810 3078 nostri.
855 3012 966 3095 itaque
988 3011 1071 3095 peri·

56 3098 172 3164 culum
200 3103 251 3164 111
277 3120 318 3164 ne
345 3098 469 3164 faciant
498 3101 585 3183 quod
611 3100 662 3164 illi
684 3098 844 3183 fecerimt,
872 3120 930 3164 sua
957 3099 1071 3162 intem-

59 3187 212 3271 perantia
242 3187 407 3270 nimiaque
438 3187 573 3253 licentia
600 3190 638 3253 ut
666 3188 775 3253 onmia
802 3187 940 3271 perdant
966 3206 1070 3268 neque

60 3275 171 3341 minus
196 3297 261 3360 eos,
285 3297 358 3341 cum
382 3274 500 3358 quibus
523 3274 668 3358 fecerint,
692 3296 789 3359 quam
812 3274 964 3339 adversus
989 3293 1070 3355 quos

61 3363 227 3429 steterint.
259 3363 375 3447 quodsi
394 3362 466 3447 quis
484 3362 617 3428 illorum
630 3365 858 3428 veteranorum
871 3361 961 3445 legat
974 3357 1071 3444 facta,
1089 3374 1106 3424 a

56 3452 153 3532 paria
175 3451 293 3517 horum
317 3455 494 3538 cognoscat
515 3472 620 3535 neque
643 3471 713 3516 rem
734 3449 837 3515 ullam
858 3447 923 3515 nisi
941 3452 1070 3532 tempus

54 3539 220 3605 interesse
243 3539 372 3606 iudicet.
417 3539 474 3606 sed
497 3539 538 3606 ad
560 3539 638 3606 11101
658 3535 986 3604 11111111111101111
998 3554 1090 3595 111.-
