2560 4002
151 192 214 257 106
455 188 539 244 XXV.
558 187 721 246 armeus
750 195 792 245 10.
813 195 854 244 11.

148 339 206 404 ιιι
227 331 401 420 periculo),
429 333 635 416 habebatque
659 355 769 398 seeum
794 333 831 410 Q.
856 332 998 398 Gellium
1022 333 1161 420 Oanum,

112 442 128 492 s
147 423 316 508 aequalem
338 421 604 504 simillimumque
627 421 687 486 sui.
731 421 794 486 hoo
818 443 945 506 quoque
969 421 1078 487 Attici
1104 424 1161 490 bo·

148 513 264 578 nitatis
282 511 474 595 exemplum,
493 510 579 592 qnod
597 530 671 574 eum
689 529 737 594 eo,
757 530 853 593 quem
870 531 1008 594 puerum
1027 511 1063 576 ιιι
1080 512 1160 577 ludo

149 604 315 700 cognorat,
338 598 418 663 adeo
442 597 612 663 eoniunete
634 597 726 681 vixit,
748 601 787 662 ιιι
809 598 928 664 ιιι
873 619 912 662 ιι
913 603 1053 664 tremam
1072 605 1161 664 aeta·
1261 627 1262 630 ¹

112 694 216 756 rtem
244 687 389 753 amicitia
416 706 528 751 eorum
556 684 701 750 ereverit.
678 684 911 750 tAntonius
939 691 1064 772 autem,
1095 689 1160 752 etsi

148 781 242 844 tanto
207 775 340 842 tedio
362 773 560 840 ferebatur
551 795 586 837 m
609 770 810 857 Ciceronem,
839 778 966 840 utnon
989 775 1149 840 solum
1121 799 1160 861 er,

148 864 328 931 sedetiam
352 862 503 928 omnibns
526 861 594 926 eius
619 861 731 926 amieis
755 863 873 926 esset
864 862 1016 928 mimicus
1037 885 1160 948 eosque
1261 901 1262 914 ι

148 954 246 1019 vellet
277 951 480 1037 proscribere
508 948 622 1014 multis
653 949 878 1034 hortantibus,
911 955 1023 1016 temen
1051 951 1160 1018 Αιιιιι
1261 1007 1262 1036 ,

149 1062 273 1106 memor
290 1039 355 1104 init
371 1037 473 1102 offleii
487 1041 520 1101 et
538 1037 577 1121 ei,
600 1058 674 1102 oum
692 1037 892 1123 requisisset,
914 1039 1048 1105 ubinam
1062 1047 1160 1125 esset,

149 1151 208 1194 sua
225 1148 324 1192 manu
342 1125 482 1209 scripsit,
500 1146 541 1190 ne
559 1125 692 1190 timeret
710 1126 888 1210 statimque
906 1127 948 1192 ad
967 1149 1001 1192 se
1015 1129 1159 1194 veniret:
1261 1145 1262 1152 ¹

149 1238 183 1281 se
204 1236 278 1280 eum
297 1214 418 1279 eteius
437 1212 674 1280 causationum
692 1213 731 1278 da
749 1215 1009 1299 proscriptorum
1021 1238 1159 1283 numero

148 1303 313 1368 exemisse.
346 1323 384 1366 ιι
401 1323 442 1366 ne
461 1301 547 1385 quod
564 1301 745 1385 perieulum
763 1303 929 1388 incideret,
953 1305 1040 1388 quod
1057 1310 1160 1372 noctu

112 1393 263 1475 ofiebat,
294 1389 493 1475 praesidium
520 1390 550 1453 ei
578 1389 677 1454 misit.
723 1389 770 1455 sio
797 1389 931 1456 Atticus
963 1393 997 1456 in
1030 1414 1160 1459 summo

148 1481 267 1546 timore
293 1500 360 1544 non
386 1478 493 1546 solum
520 1477 598 1561 sibi,
628 1478 685 1542 sed
712 1478 812 1542 etiam
840 1480 883 1564 ei,
911 1501 1007 1563 quem
1031 1483 1161 1546 carissi-

148 1591 239 1634 mum
260 1567 412 1650 habebat,
434 1566 596 1651 praesidio
618 1565 683 1629 fuit
708 1568 824 1650 [neque
847 1567 934 1632 enim
953 1590 1031 1633 suae
1049 1570 1160 1635 solum

149 1680 169 1723 ι
200 1677 364 1741 quoquam
397 1655 552 1719 auxilium
583 1653 680 1736 petiit
713 1655 847 1739 salutis,
880 1656 937 1720 sed
968 1656 1160 1741 eoniunoti],

148 1749 187 1811 ut
214 1747 385 1828 appareret
410 1743 535 1808 nullam
563 1741 744 1807 seiunctam
774 1743 837 1806 sibi
861 1745 902 1808 ab
926 1765 964 1808 eo
987 1745 1071 1810 velle
1095 1745 1160 1811 for-

113 1838 272 1933 etunam
318 1831 433 1914 quodsi
460 1831 621 1914 gubernet
623 1851 660 1894 or
687 1831 863 1914 praecipua
891 1832 986 1896 laude
1016 1831 1160 1919 effertur,
1241 1837 1248 1850 '

150 1920 348 2004 quinarem
374 1939 414 1981 ιι
440 1916 546 1981 hieme
574 1917 719 2000 marique
748 1920 919 2003 scopuloso
946 1924 1070 2006 servat,
1102 1944 1160 1987 eur

148 2028 215 2072 non
237 2004 411 2090 singularis
435 2005 503 2069 eius
527 2005 732 2070 existimetur
753 2007 939 2091 prudentia,
963 2009 1020 2092 qui
1044 2031 1085 2074 ex
1107 2015 1160 2076 tot

149 2100 282 2176 tamque
304 2091 458 2177 gravibus
481 2093 634 2176 procellis
657 2094 808 2160 civilibus
830 2096 872 2160 ad
896 2096 1069 2162 ineolumit
1054 2101 1160 2164 tatem
1261 2175 1262 2186 χ

98 2181 363 2347 tlpmeilliiibus
387 2290 426 2334 ιι
448 2269 543 2335 malis
566 2273 604 2334 ιιι
627 2291 662 2335 ιι
685 2272 832 2356 emersit,
864 2271 947 2336 nihil
977 2272 1067 2338 aliud
1090 2275 1160 2360 egit

150 2381 248 2445 quam
269 2362 308 2425 ut
334 2378 427 2441 quam
453 2357 619 2442 plurimis,
650 2358 784 2460 quibus·
794 2359 891 2424 rebus
918 2365 1045 2447 posset,
1072 2366 1160 2427 esset

149 2448 280 2514 auxilio.
326 2468 399 2512 eum
421 2447 622 2530 proscriptos
649 2447 803 2530 praemiis
831 2448 1069 2550 imperatorum
1092 2451 1161 2514 vul

150 2556 211 2621 qus
234 2534 454 2636 conquireret,
476 2556 572 2599 nemo
594 2534 630 2599 in
651 2534 790 2618 Epirum
812 2535 917 2621 venit,
940 2537 992 2602 oui
1015 2559 1066 2603 ιιι
1091 2539 1160 2602 ulla
1261 2587 1262 2592 η

150 2624 301 2689 defuerit:
274 2623 455 2688 tuemini
480 2644 548 2688 non
573 2622 621 2686 ibi
646 2627 804 2708 perpetuo
833 2587 983 2690 manbndi
1009 2630 1159 2709 potestas

112 2711 239 2778 afaota
265 2715 329 2795 est3
361 2712 440 2795 quin
467 2711 567 2776 etiam
593 2715 670 2794 post
696 2712 857 2795 proelium
880 2711 1159 2798 Philippensem-

150 2761 347 2880 teritumquie
371 2798 406 2865 Ο.
421 2797 584 2865 Cessiiet
606 2798 649 2863 M.
672 2799 768 2864 Bruti
791 2799 826 2864 L.
845 2800 966 2866 Iulium
990 2799 1160 2866 Mocillam

149 2885 350 2970 praetorium
373 2889 407 2950 et
429 2886 584 2950 filium
557 2908 625 2951 erus
644 2885 829 2971 Aulumque
850 2887 1053 2973 Torquatum
1076 2893 1160 2955 oete

150 2993 267 3056 rosque
299 2972 371 3056 pari
402 2971 535 3038 fortuna
565 2976 815 3057 perculsosins
817 2976 911 3042 tituit
942 2977 1027 3042 tueri
1060 2981 1160 3062 etque

151 3085 190 3129 ιι
212 3059 359 3144 Elpiro''
337 3081 378 3125 ιιι
402 3061 511 3125 omnia
535 3059 648 3126 Samot
649 3062 813 3128 hreeoiam
837 3065 1025 3165 supportari
1053 3065 1160 3131 iussit

1256 2991 1262 3142 l

114 3150 282 3217 sdiffioile
306 3153 357 3214 est
380 3148 489 3214 omnia
511 3151 662 3233 persequi
682 3155 716 3216 et
733 3174 800 3216 non
817 3153 1046 3217 necessarium
1079 3154 1159 3221 illud
1261 3219 1262 3230 ,

150 3261 251 3304 unum
282 3238 431 3324 intellegi
462 3238 630 3323 volumus,
666 3239 755 3304 illius
791 3240 935 3305 liberulit
921 3245 1024 3305 tatem
1055 3263 1161 3326 neque
1261 3291 1262 3298 .

114 3327 382 3409 stemporariam
405 3347 508 3410 neque
532 3326 684 3391 callidam
706 3327 816 3392 fuisse
852 3329 886 3394 id
905 3350 944 3392 ex
961 3329 1043 3411 ipsis
1062 3330 1162 3395 rebus
1247 3348 1253 3358 ·

151 3432 188 3475 ao
216 3415 418 3494 temporibus
446 3414 583 3478 iudicari
610 3417 734 3499 potest,
763 3417 849 3499 quod
875 3438 941 3481 non
968 3417 1163 3484 florentibus
1261 3471 1262 3474 η

152 3515 185 3556 ιι
198 3498 309 3560 vendit
295 3499 387 3581 tavit,
403 3501 458 3563 sed
473 3500 604 3566 afflictis
620 3503 934 3586 sempersueourrit:
958 3504 1164 3587 quiquidem
