2400 3922
263 237 268 251 .
361 205 407 259 xl.
426 205 652 262 IPHICRATES.
682 213 764 262 1-a·
1025 209 1069 274 43

55 352 142 416 male
166 373 235 415 rem
258 351 379 435 gessit,
402 371 530 434 semper
553 351 688 416 consilio
712 351 791 417 vicit
814 356 1007 437 tantumque
1031 376 1068 420 eo

55 440 171 523 valuit,
195 442 232 503 ut
255 438 361 502 multa
383 438 418 503 in
441 460 476 502 re
499 437 637 502 militari
658 439 781 522 partim
802 461 888 504 nova
911 443 1069 527 attulerit,

55 528 180 612 partim
203 526 340 591 meliora
366 525 492 591 fecerit.
537 547 677 609 namque
704 527 760 591 ille
787 527 951 611 pedestria
979 546 1103 595 armas

55 615 208 681 mutavit.
241 636 315 680 cum
329 618 405 679 ante
423 613 518 678 illum
536 615 768 698 imperatorem
782 616 932 680 maximis
947 616 1069 701 clipeis,

54 703 210 769 brevibus
233 702 349 786 hastis,
373 702 508 767 minutis
531 702 650 787 gladiis
673 706 853 787 uterentur,
876 703 931 769 ille
955 727 972 768 e
997 721 1103 769 con-4

55 792 160 857 trario
184 790 308 876 peltam
330 811 390 874 pro
408 811 524 873 parma
541 790 620 854 fecit
639 787 673 875 (a
691 811 755 873 quo
773 794 890 875 postea
902 792 1069 875 peltastae

55 879 184 965 pedites
197 878 345 960 mutati
361 883 443 956 suut,
465 879 519 960 qui
540 882 633 942 cuba
650 877 783 961 hoplitae
797 879 1069 966 appellabantur),

55 971 95 1032 ut
117 967 159 1032 ad
182 971 292 1031 motus
312 986 553 1050 concursusque
572 969 681 1031 essent
699 966 846 1051 leviores,
868 967 983 1033 hastae
1002 990 1068 1033 mo-

56 1055 135 1120 dum
161 1054 353 1139 duplicavit,
386 1054 512 1139 gladios
539 1053 704 1139 longiores
726 1053 816 1120 fecit.
856 1055 943 1120 idem
966 1077 1068 1142 genus

55 1144 233 1208 loricarum
259 1162 373 1208 nouum
398 1142 535 1207 instituit
560 1144 594 1205 et
620 1163 680 1226 pro
709 1143 805 1207 sertis
834 1146 932 1227 atque
961 1144 1068 1208 aeneis

55 1231 176 1297 linteas
198 1229 297 1295 dedit
334 1250 398 1314 quo
417 1228 506 1294 facto
530 1230 746 1313 expeditiores
770 1231 892 1296 milites
915 1232 1068 1296 reddidit:

55 1341 133 1384 nam
155 1319 298 1403 pondere
320 1318 484 1400 detracto,
508 1317 594 1401 quod
618 1315 719 1401 aeque
742 1340 861 1401 corpus
884 1323 1012 1404 tegeret
1035 1323 1069 1385 et

55 1409 127 1473 leve
150 1410 247 1490 essct,
270 1405 403 1471 curavit.

144 1493 275 1560 Bellum
298 1515 372 1559 cum
394 1492 593 1558 Thraecibus
616 1494 731 1578 gessit,
755 1493 920 1579 Seuthem,
943 1496 1068 1561 socium
1086 1495 1108 1560 2

21 1610 24 1617 ·
55 1582 322 1665 Atheniensium,
345 1582 379 1646 in
402 1602 539 1667 regnum
562 1581 719 1645 restituit.
765 1582 851 1665 apud
873 1579 1067 1646 Corinthum

56 1675 152 1737 tanta
175 1671 348 1735 severitate
372 1670 528 1735 exercitui
550 1668 702 1754 praefinit,
725 1671 763 1733 ut
784 1669 893 1734 nullae
911 1690 1067 1752 umquam

56 1761 91 1825 in
119 1757 258 1824 Graecia
283 1779 388 1842 neque
416 1758 660 1823 exercitatiores
689 1757 800 1841 copiae
828 1779 933 1841 neque
961 1758 1067 1842 magis

55 1847 144 1913 dicto
164 1846 331 1911 audientes
352 1844 474 1910 fuerint
492 1845 580 1930 duci,
602 1847 637 1910 in
651 1867 786 1930 eamque
801 1845 1067 1910 consuetudinem
1086 1859 1102 1908 a

55 1935 205 2018 adduxit,
232 1938 283 2019 ut,
306 1955 380 1998 cum
402 1933 518 2017 proelii
542 1934 672 2019 signum
695 1934 736 1998 ab
759 1935 957 2018 imperatore
980 1937 1067 1999 esset

55 2024 179 2106 datum,
202 2021 271 2087 sine
294 2021 385 2087 ducis
409 2042 508 2105 opera
531 2022 578 2087 sie
601 2022 769 2101 ordinatae
784 2022 1009 2106 consisterent,
1029 2025 1068 2086 ut

55 2110 180 2197 singuli
203 2109 445 2195 aperitissime
473 2110 670 2193 imperatore
698 2109 850 2194 dispositi
873 2110 1067 2175 riderentur.

55 2199 119 2265 hoc
130 2198 277 2273 ,exercitu
295 2218 422 2263 moram
435 2196 766 2263 Lacedaemoniorum
784 2197 958 2282 interfecit,
981 2198 1067 2282 quod
1086 2213 1102 2262 8

56 2287 198 2352 maxime
221 2290 294 2351 tota
317 2285 517 2352 celebratum
541 2290 591 2351 est
615 2284 760 2350 Graecia
805 2286 925 2349 iterum
955 2285 1068 2363 eddam

55 2375 144 2440 bello
168 2395 280 2439 omnes
305 2374 414 2458 copias
434 2393 546 2438 eorum
564 2373 700 2459 fugauit,
724 2394 788 2456 quo
806 2372 894 2437 facto
914 2393 1067 2457 magnam

55 2463 194 2547 adeptus
218 2466 269 2527 est
296 2462 444 2547 gloriam.
491 2483 564 2527 curn
587 2459 784 2525 Artaxerxes
807 2459 973 2544 Aegyptio
996 2459 1102 2544 regie

55 2550 180 2615 bellum
211 2549 330 2614 inferre
363 2549 481 2633 voluit,
516 2548 706 2634 Iphicraten
737 2550 778 2614 ab
811 2547 1067 2612 Atheniensibus

56 2639 171 2704 ducem
193 2638 321 2722 petivit,
345 2659 441 2722 quem
462 2637 653 2721 praeficeret
677 2636 832 2702 exercitui
856 2634 1067 2718 conductitio,

56 2728 148 2792 cuius
172 2747 326 2791 numerus
350 2725 520 2791 duodecim
543 2725 670 2789 milium
699 2724 772 2790 fuit.
818 2746 914 2808 quem
938 2722 1067 2807 quidem

56 2815 103 2879 sic
128 2814 219 2878 omni
242 2813 414 2898 disciplina
437 2813 573 2878 militari
595 2813 744 2898 erudivit,
767 2816 813 2896 ut,
837 2834 933 2896 quem
948 2812 988 2876 ad
1002 2832 1068 2876 mo·

55 2902 134 2967 dum
153 2901 317 2986 quondam
335 2899 475 2966 Fabiani
494 2901 615 2966 milites
634 2900 758 2966 Romae
779 2900 949 2985 [appellati
968 2902 1069 2982 sunt],

55 2991 102 3056 sic
117 2988 360 3074 Iphicratenses
375 2989 460 3072 apud
475 2987 617 3053 Graecos
638 2989 672 3053 in
687 3010 814 3076 summa
828 2988 923 3054 laude
937 2987 1067 3062 tuerint.

55 3078 142 3142 idem
171 3077 316 3142 subsidio
340 3075 605 3141 Lacedaemoniis
633 3076 799 3160 profectus
823 3075 1102 3160 Epaminondaee

55 3165 236 3230 retardavit
258 3166 410 3248 impetus.
439 3186 516 3229 nam
533 3165 599 3228 nisi
623 3164 691 3228 eius
716 3164 872 3228 adventus
894 3161 1067 3245 appropin-

56 3257 200 3338 quasset,
222 3274 289 3317 non
302 3253 392 3336 prius
407 3251 554 3316 Thebani
569 3249 688 3334 Sparta
702 3250 946 3331 abscessissent,
970 3268 1067 3329 quam
1168 3295 1174 3308 .

56 3346 188 3426 captam
211 3340 360 3405 incendio
375 3340 554 3404 delessent.

144 3426 224 3492 Fuit
247 3431 357 3491 autem
380 3431 414 3490 et
437 3428 544 3488 animo
568 3445 687 3508 magno
711 3426 745 3486 et
767 3439 901 3503 corpore
931 3419 1107 3500 impera-3

56 3516 207 3596 toriaque
230 3512 350 3594 forma,
372 3513 411 3575 ut
432 3511 505 3594 ipso
529 3515 668 3594 aspectu
689 3509 794 3572 cuiuis
814 3505 960 3566 iniceret
977 3505 1083 3560 auruli-
1153 3520 1179 3551 a
