2400 3922
380 183 688 242 11111111111111.
716 193 740 243 a.
760 194 785 243 4.
1043 189 1087 254 25
1171 175 1183 191 ’

75 327 226 414 privatus
242 328 504 393 existimabatur:
527 330 648 395 multos
667 331 753 395 enim
771 332 968 398 liberalitate
983 334 1089 399 devin-

75 420 179 501 xerat,
201 416 312 499 plures
331 417 430 481 etiam
442 438 548 501 ‚opera
565 416 688 482 forensi
707 441 782 484 suos
801 420 992 486 reddiderat.
1025 444 1088 506 qua
1106 436 1123 486 5

75 527 111 570 re
135 504 237 569 fiebat
259 508 298 568 ut
317 505 463 570 omnium
482 506 602 591 oculos,
625 507 914 591 quotienscumque
933 511 967 573 in
985 511 1088 593 publi·

76 615 152 659 cum
178 592 356 678 prodisset,
384 593 425 658 ad
452 614 487 658 se
515 598 718 659 converteret
740 617 844 679 neque
868 596 898 661 ei
920 619 980 681 par
1004 598 1088 680 quis-

77 703 176 766 quam
198 681 234 744 in
257 681 389 746 civitate
416 685 600 764 poneretur.
645 682 756 766 itaque
778 705 845 749 non
867 685 974 750 solum
997 707 1088 769 spem

76 771 112 835 in
135 790 173 834 eo
196 769 363 834 habebant
385 769 574 854 maximam,
602 771 658 834 sed
681 771 781 836 etiam
809 772 974 857 timorem,
1003 774 1088 857 quod

76 863 111 924 ct
130 859 246 923 obesse
264 857 442 942 plurimum
461 861 494 921 et
512 859 665 942 prodesse
682 863 822 942 poterat.
855 860 1089 946 aspergebatur
1106 877 1122 926 s

76 945 179 1012 etiam
196 944 341 1031 infamia,
362 945 449 1029 quod
467 945 502 1010 in
520 946 616 1010 domo
635 968 693 1011 sua
711 946 816 1013 facere
836 949 993 1033 mysteria
1006 949 1089 1015 dice·

75 1036 176 1099 batur
200 1032 301 1120 (quod
318 1033 409 1098 nefas
429 1037 500 1098 erat
517 1056 608 1099 more
626 1034 889 1123 Atheniensium)
909 1037 1004 1121 idque
1022 1059 1088 1103 non

77 1123 118 1189 ad
141 1122 347 1209 religionem,
371 1121 427 1187 sed
450 1121 491 1186 ad
514 1123 956 1209 coniurationem‘pertinere
979 1125 1088 1191 existi-

76 1213 237 1278 mutatur.

165 1298 239 1364 Hoc
265 1299 400 1365 crimine
432 1298 467 1364 in
494 1299 643 1364 contione
673 1301 714 1364 ab
747 1301 887 1367 inimicis
916 1300 1129 1387 compella-4

75 1391 184 1455 batur.
230 1387 286 1452 sed
312 1387 460 1452 instabat
486 1390 616 1470 tempus
644 1387 685 1452 ad
707 1388 831 1453 bellum
852 1391 1087 1473 proficiscendi.

75 1478 110 1542 id
142 1476 198 1541 ille
228 1475 358 1540 intuens
387 1496 492 1559 neque
521 1475 676 1560 ignorans
707 1476 826 1540 civium
854 1498 987 1542 suorum
1014 1500 1087 1543 con-

76 1564 283 1632 suetudinem
300 1563 500 1648 postulabat,
519 1564 547 1627 si
567 1563 644 1645 quid
658 1563 697 1628 de
711 1584 746 1627 se
761 1564 815 1648 agi
828 1565 958 1648 vellent,
976 1566 1086 1648 potius

76 1654 117 1719 de
135 1655 306 1739 praesente
325 1652 473 1734 quaestio
492 1651 676 1736 haberetur,
695 1672 792 1734 quam
812 1652 928 1716 absens
947 1652 1086 1716 invidiae

77 1741 212 1808 crimine
240 1743 456 1805 accusaretur.
500 1739 624 1804 inimici
651 1761 727 1804 vero
758 1739 827 1804 eius
858 1738 1125 1823 quiescendums

74 1832 110 1896 in
138 1828 316 1914 praesenti,
343 1827 420 1911 quia
445 1828 555 1893 noceri
577 1829 606 1892 ec'
627 1849 693 1893 non
719 1849 816 1911 posse
843 1827 1086 1913 intellegebant,

76 1923 110 1984 et
133 1917 214 1983 illud
232 1919 362 2000 tempus
380 1917 632 2001 exspectandum
654 1916 874 2001 decreverunt,
894 1938 957 2000 quo
979 1916 1087 1981 classis

76 2007 213 2090 exisset,
239 2008 278 2067 ut
305 2005 475 2068 absentem
498 2005 765 2090 aggrederentur,
792 2005 904 2088 itaque
931 2004 1086 2070 fecenmt.

74 2117 152 2161 nam
170 2096 346 2179 postquam
364 2092 399 2156 in
415 2089 559 2156 Siciliam
578 2114 651 2156 eum
671 2093 856 2177 pervenisse
871 2093 1123 2177 crediderunt,s

76 2185 260 2265 absentem,
287 2179 374 2264 quod
398 2201 490 2245 sacra
511 2181 679 2264 violasset,
707 2202 799 2246 reum
821 2180 976 2246 fecerimt.
1023 2202 1086 2264 qua

75 2273 115 2337 de
138 2293 174 2336 re
197 2290 270 2335 cum
294 2267 324 2333 ei
345 2268 480 2333 nuntius
502 2268 735 2353 amagistratu
753 2269 788 2332 in
803 2267 948 2332 Siciliam
966 2269 1085 2333 missus

75 2363 178 2444 esset,
206 2360 245 2421 ut
267 2357 400 2421 domum
423 2357 464 2420 ad
487 2378 618 2421 causam
641 2355 808 2420 dicendam
830 2356 963 2437 rediret,
987 2360 1086 2419 esset·

76 2470 139 2533 que
171 2447 207 2511 in
236 2465 355 2531 magna
385 2466 442 2528 spe
473 2444 658 2529 provinciae
690 2443 771 2507 bens
803 2443 1086 2527 administrandae,

74 2555 278 2619 conparere
300 2532 407 2598 noluit
430 2536 464 2596 et
485 2533 520 2596 in
543 2533 722 2615 triremem,
749 2551 830 2613 quae
855 2530 894 2593 ad
917 2551 991 2594 eum
1015 2535 1085 2594 erat

74 2621 312 2708 deportandum
335 2620 444 2704 missa,
467 2621 620 2685 ascendit.
654 2620 715 2684 hac
733 2618 872 2683 Thurios
895 2618 931 2683 in
952 2616 1122 2683 Italiamr

73 2715 261 2797 pervectus,
288 2708 393 2773 multa
421 2729 529 2773 secum
558 2712 712 2791 reputans
740 2708 779 2772 de
806 2706 1019 2772 immoderata
1043 2707 1085 2772 ci·
1183 2739 1185 2745 v

73 2801 165 2866 vium
189 2819 322 2864 suorum
344 2796 478 2862 licentia
496 2797 750 2879 crudelitateque
769 2816 847 2881 erga
864 2796 1000 2880 nobiles,
1022 2797 1085 2861 uti-

74 2888 237 2954 lissimum
252 2889 343 2950 ratus
357 2885 597 2968 impendentem
611 2885 733 2948 evitare
747 2888 987 2967 tempestatem,
1001 2886 1084 2950 clam

73 2999 108 3043 11
137 2975 179 3040 ab
208 2973 397 3040 custodibus
426 2972 580 3037 subduxit
607 2977 641 3037 et
671 2973 745 3036 inde
778 2973 920 3056 primum
946 2973 1084 3057 Elidem,

73 3065 148 3130 dein
171 3063 300 3127 Thebas
323 3061 422 3126 venit.
466 3064 642 3144 postquam
667 3064 776 3125 autem
799 3082 833 3124 se
857 3061 973 3146 capitis
997 3061 1083 3125 dam·
1102 3072 1118 3122 5

73 3158 189 3219 natum
211 3151 307 3215 bonis
330 3149 506 3234 publicatis
530 3148 662 3232 audivit,
685 3152 727 3232 et,
749 3148 782 3212 id
807 3151 893 3232 quod
914 3167 1084 3229 reumquam

73 3246 166 3308 araba
193 3261 255 3304 usu
283 3240 429 3321 venerat,
460 3236 672 3321 Eumolpidas
704 3237 887 3301 sacerdotes
916 3251 938 3298 a'
960 3234 1081 3316 populo

74 3333 206 3396 coactos
225 3330 264 3392 ut
282 3348 317 3391 se
335 3327 538 3407 devoverent,
557 3327 690 3408 eiusque
709 3323 890 3388 devotionis
905 3344 969 3404 quo
984 3324 1082 3385 testa-

73 3419 138 3484 tior
161 3429 251 3483 esset
273 3414 439 3497 memoria,
462 3414 644 3497 exemplum
662 3414 697 3476 in
714 3412 781 3494 pila
798 3409 925 3492 lapidea
944 3409 1082 3473 incisum

74 3528 141 3572 esse
170 3505 318 3591 positum
346 3504 382 3567 in
407 3501 553 3588 publico,
580 3501 864 3567 Lacedaemonem
883 3496 1103 3580 demigrarat.
