2400 3922
454 168 491 240 ι.
509 186 607 242 morl.
636 194 660 242 s.
680 194 697 242 ι
1042 191 1083 255 211

165 326 256 396 Haec
283 331 340 396 illc
369 331 498 396 intuens
523 352 596 395 cum
620 352 716 414 quem
739 331 780 395 ad
803 333 935 398 modum
958 336 1125 404 sedaret8

74 418 218 483 nesciret
249 422 284 482 et
316 439 473 502 quorsum
504 418 676 484 evaderent
712 420 856 504 timeret,
893 419 1086 489 Callicrates

76 506 219 591 quidam,
242 506 322 572 civis
341 505 561 590 Atheniensis,
584 507 641 591 qui
664 506 761 571 simul
784 528 858 572 cum
880 530 918 573 eo
938 531 977 573 ex
995 509 1087 576 Pelo-

74 615 222 677 ponneso
245 593 281 659 in
305 592 451 659 Siciliam
473 597 619 677 venerat,
646 594 745 659 homo
773 599 808 659 et
830 595 965 661 callidus
989 599 1086 663 etad
1161 666 1169 680 ‚

74 682 224 747 fraudem
252 687 381 767 acutus,
408 683 478 747 sine
504 682 572 746 ulla
595 682 752 767 religione
775 704 813 748 ac
835 683 913 768 fide,
941 684 1023 749 adiit
1046 687 1086 751 ad

76 769 218 836 Dionem
246 774 280 835 et
307 770 368 835 ait:
395 791 469 834 eum
492 790 611 855 magno
635 770 670 834 in
691 770 836 855 periculo
859 792 929 837 csse
952 777 1121 857 proptera

76 857 290 924 offensionem
307 857 421 943 populi
434 861 468 923 et
483 858 593 922 odium
611 857 700 922 milit
685 861 765 942 t,um
785 859 871 942 quod
883 860 974 925 nullo
990 862 1085 927 modo

76 947 201 1012 evitare
223 949 345 1030 posset,
366 945 432 1010 nisi
450 945 549 1010 alicui
567 966 699 1010 suorum
711 947 887 1047 negotium
905 948 1007 1033 daret,
1030 949 1086 1033 qui

77 1056 112 1099 se
127 1033 298 1099 simularet
310 1032 384 1097 illi'
374 1034 551 1099 mimicum.
582 1055 678 1134 quem
692 1034 721 1099 si
734 1034 912 1100 invenisset
897 1036 1087 1121 tidoneum,

76 1121 173 1188 facile
193 1121 338 1202 omnium
356 1122 482 1187 animos
502 1121 709 1223 cogniturum
728 1122 994 1207 adversariosque
1013 1126 1087 1189 sub·

76 1198 222 1274 laturum
222 1209 363 1294 ,quod
353 1210 478 1275 mimici
497 1210 565 1275 eius
584 1209 755 1275 dissidenti
774 1231 850 1276 suos
869 1232 982 1278 sensus
997 1235 1088 1297 aper·

78 1298 146 1362 turi
175 1297 292 1362 forent.
338 1298 398 1361 ιιιι
422 1298 558 1364 consilio
581 1298 721 1381 probato
745 1300 872 1382 excepit
893 1300 954 1364 has
976 1305 1087 1384 partes
1106 1318 1122 1367 ι

77 1386 148 1470 ipse
172 1383 364 1451 Callicrates
387 1389 421 1450 et
444 1407 495 1451 se
491 1390 608 1450 armet
635 1385 854 1469 imprudentia
876 1385 1001 1453 Dionis.
1048 1389 1088 1453 ad

77 1495 153 1539 eum
175 1473 438 1539 interficiundum
461 1473 567 1539 socios
591 1473 769 1557 conquirit,
793 1475 994 1540 adversarios
1018 1477 1087 1540 eius

77 1561 240 1645 convenit,
262 1561 411 1627 coniurat
412 1562 486 1627 ione
509 1561 688 1627 confirmet.
723 1582 789 1645 res,
812 1563 925 1626 multis
948 1563 1123 1630 consciisl

77 1671 161 1734 quae
175 1653 336 1734 ageretur,
355 1650 442 1715 ιιιιι
455 1649 599 1719 defertur
613 1648 653 1713 ad
666 1648 928 1735 Aristomachen,
941 1671 1088 1714 sororem

77 1736 212 1839 Dionis,
236 1758 433 1838 uxoremque
461 1737 593 1802 Areten
637 1736 713 1802 illae
744 1738 861 1802 timore
894 1738 1087 1821 perterritae

78 1825 284 1909 conveniunt,
307 1824 397 1891 cuius
421 1825 460 1890 de
483 1825 627 1909 periculo
651 1824 819 1890 timebant.
857 1829 892 1891 ιι
877 1825 970 1891 ιιιιι
987 1830 1088 1912 negat

77 1935 98 1978 ι
121 1876 295 1980 Callicrate
318 1913 390 1978 fieri
413 1913 476 1978 sibi
499 1913 648 1997 insidias,
676 1914 732 1978 sed
754 1914 827 1997 illa,
851 1935 933 1998 quae
957 1935 1088 2000 ageren-

77 1999 141 2085 tur,
164 2001 235 2066 fieri
257 2005 431 2085 praecepto
455 2023 523 2065 suo.
564 1963 715 2066 mulieres
738 2002 916 2066 nihilot
866 2007 916 2067 set
917 2003 967 2067 ius
991 2000 1087 2069 Oalli-
1106 2020 1122 2069 o

77 2090 226 2154 cratem
216 2111 251 2154 ιιι
265 2089 377 2154 aedem
386 2088 600 2175 Proserpinae
615 2089 776 2154 deducunt
786 2107 825 2154 ae
837 2090 944 2155 iurare
957 2094 1088 2176 cogunt,

76 2176 161 2242 nihil
189 2178 231 2242 ab
259 2170 331 2242 illo
344 2177 480 2260 periculi
506 2176 577 2241 fore
603 2175 711 2240 Dioni.
757 2178 813 2241 ille
840 2177 902 2242 hac
930 2179 1088 2263 religione

76 2287 144 2330 non
162 2264 259 2329 modo
277 2285 344 2329 non
362 2269 413 2329 est
430 2265 485 2330 (ιιι
471 2265 615 2348 territus,
637 2264 693 2328 sed
712 2264 753 2328 ad
767 2265 996 2329 maturandum
1015 2287 1087 2330 con-

78 2353 200 2418 citatus
219 2356 280 2436 est,
298 2374 411 2418 verens
429 2353 579 2438 ueprius
598 2315 769 2417 donsilium
788 2352 969 2435 aperiretur
984 2373 1087 2435 suum,

78 2462 178 2524 quam
201 2402 348 2525 cogitata
369 2440 568 2524 perfecisset.

65 2554 70 2561 ·
166 2527 239 2593 Ηιι
266 2533 375 2594 mente
402 2529 552 2612 proximo
579 2528 631 2592 die
658 2527 758 2609 festo,
787 2547 861 2591 cum
884 2548 903 2590 a
926 2521 1126 2593 conventui)

78 2637 113 2681 se
131 2619 295 2681 remotum
309 2615 397 2681 Dion
415 2616 502 2681 domi
521 2620 647 2681 teneret
666 2619 700 2679 at
702 2636 764 2698 que
782 2615 817 2679 in
836 2615 980 2679 conclavi
999 2615 1087 2679 edito
1128 2637 1136 2648 ·

77 2704 307 2788 recubuisset,
328 2704 467 2769 consciis
490 2703 644 2768 facinoris
670 2703 742 2767 loca
771 2703 876 2766 munit
877 2703 948 2767 iora
976 2702 1087 2787 oppidi

78 2791 200 2875 tradit,
232 2791 364 2856 domum
396 2792 552 2857 custodiis
585 2792 708 2874 saepit,
740 2813 759 2855 a
786 2790 911 2856 foribus
940 2792 995 2874 qui
1021 2812 1088 2856 non

78 2878 261 2962 discedant,
290 2884 396 2944 certos
423 2879 585 2963 praeficit,
613 2900 730 2943 navem
758 2878 924 2944 triremem
952 2880 1124 2944 armatisa

79 2973 175 3032 ornat
207 2966 490 3051 Philostratoquc,
521 2966 617 3030 fratri
648 2987 722 3050 suo,
754 2967 855 3030 tradit
888 2990 1022 3051 eamque
1053 2969 1088 3032 ιιι

77 3059 177 3138 portu
201 3055 328 3155 agitare
351 3056 453 3138 iubet,
475 3058 513 3118 ut
536 3055 564 3118 si
587 3075 734 3119 exercere
753 3056 893 3139 remiges
912 3056 1019 3137 ve,llet
1037 3076 1088 3118 co-

78 3143 199 3228 gitans,
217 3143 246 3206 si
263 3141 350 3207 forte
364 3105 510 3207 consiliis
525 3142 711 3206 obstitisset
729 3141 796 3206 fort
782 3146 870 3225 tuna,
888 3147 927 3206 ut
943 3104 1088 3224 hab'eret,

54 3248 143 3313 ‘qua
166 3229 339 3315 aufugeret
361 3229 402 3293 ad
430 3231 578 3294 salutem.
624 3250 756 3293 suorum
780 3234 890 3293 autem
912 3251 929 3292 e
951 3191 1123 3292 numerda

78 3316 276 3402 Zacynthios
300 3316 521 3381 adulescentes
546 3316 702 3415 quosdam
726 3317 819 3398 eligit
842 3336 916 3379 eum
946 3314 1088 3378 audacis·

79 3405 181 3468 simos
204 3408 276 3466 tum
299 3403 422 3465 viribus
446 3403 596 3464 maximis
602 3403 738 3483 ,iisque
761 3402 818 3461 dat
840 3401 1024 3482 negotium,
1047 3409 1087 3461 ad

78 3489 219 3556 Dionem
243 3487 352 3553 eant
342 3509 496 3566 mermes,
526 3487 573 3551 ιιι
595 3450 633 3551 dt
656 3485 915 3551 conveniendi
894 3506 969 3547 exus
989 3484 1110 3563 gratia
