2400 3922
110 217 153 280 64
409 213 481 271 XVI.
500 213 707 270 PELOPIDAS.
736 218 814 268 3-·5.

111 383 172 445 quc
186 359 287 425 dediti
303 381 403 444 usque
418 381 455 425 eo
470 359 694 444 despexerunt,
713 362 804 423 utne
820 379 974 442 quaerere
989 358 1120 443 quidem

75 449 149 513 ade
181 452 275 514 tanta
305 469 339 513 re
371 440 560 514 laborarint.
607 447 744 512 accessit
772 446 858 530 quod
886 447 986 512 etiam
1014 448 1119 534 magis

110 538 252 621 aperiret
275 559 388 603 eorum
415 535 621 601 dementiam.
667 535 770 600 allata
794 538 844 600 est
868 536 954 600 enim
978 535 1121 620 epistula

110 625 249 690 Athenis
278 627 318 690 ab
346 624 486 708 Archia,
518 644 582 688 uno
611 645 650 687 ex
679 622 720 687 iis
747 625 802 705 qai
827 625 926 690 sacris
950 629 1121 706 mereant

109 713 296 798 Eleusiniis,
319 711 473 794 Archiae,
504 711 560 795 qui
588 714 658 775 tum
686 711 864 776 maximum
888 713 1120 798 magistratum

109 802 230 866 Thebis
251 801 428 884 obtinebat,
450 799 485 864 in
508 820 573 883 qua
596 799 705 864 omnia
727 800 766 864 de
785 799 986 884 profectione
1006 822 1119 866 eorum

109 890 291 974 perscripta
318 892 419 954 erant.
465 909 547 971 quac
575 908 649 952 cum
681 888 747 952 iam
780 889 952 954 accubanti
984 889 1019 954 in
1047 911 1120 955 con-

109 978 195 1043 vivio
215 981 301 1042 esset
318 977 403 1060 data,
422 975 507 1041 siout
526 979 596 1039 erat
615 975 753 1061 signata,
773 977 832 1040 sub
847 976 1019 1060 pulvinum
1033 977 1119 1042 subi·

75 1081 91 1130 3
111 1066 197 1130 ciens
221 1065 267 1129 ‘in
289 1063 478 1130 crastinum’
502 1063 610 1147 inquit
632 1061 758 1129 ‘differo
781 1085 832 1130 res
856 1064 977 1130 serias?
1016 1065 1119 1129 atilli

110 1175 235 1236 omnes,
263 1174 336 1217 cum
364 1152 430 1216 iam
452 1173 518 1217 nox
544 1152 771 1236 processisset,
799 1153 956 1218 vinolenti
980 1154 1021 1218 ab
1046 1175 1119 1218 exu-

108 1241 195 1305 libus
218 1240 297 1305 duce
311 1239 468 1324 Pelopida
490 1243 567 1306 sunt
580 1239 759 1306 interfecti.
796 1241 914 1325 quibus
933 1242 1029 1306 rebus
1045 1263 1119 1307 con·

110 1328 214 1413 fectis,
237 1329 335 1414 vulgo
350 1328 390 1393 ad
411 1350 502 1394 arma
520 1329 772 1412 libertatemque
788 1332 913 1414 vocato,
932 1330 1119 1395 nouaclum

110 1417 166 1501 qui
195 1417 230 1481 in
256 1417 338 1482 urbe
365 1420 472 1500 erant,
499 1417 556 1481 sed
583 1417 684 1482 etiam
707 1417 848 1502 undique
871 1439 911 1482 ex
933 1419 1021 1504 agris
1046 1439 1118 1484 con·

110 1508 289 1590 currerunt,
317 1504 516 1589 praesidium
539 1502 870 1571 Lacedaemoniorum
897 1527 937 1570 ex
964 1527 1037 1571 arce
1065 1528 1117 1590 pe

108 1594 271 1679 pulerunt,
296 1593 437 1678 patriam
460 1593 628 1659 obsidione
651 1593 841 1679 liberarunt,
864 1598 1013 1659 auctores
1038 1591 1118 1660 Gad-

109 1703 199 1746 meae
219 1681 422 1766 occupandae
440 1682 562 1766 partim
581 1681 777 1766 occiderunt,
795 1682 917 1766 partim
936 1681 1119 1747 inexilium

110 1770 281 1836 eiecerunt.

73 1857 96 1922 4
197 1857 269 1923 Hoc
293 1862 361 1923 tam
384 1859 515 1923 turbido
539 1861 694 1942 tempore,
717 1858 803 1922 sicut
821 1878 920 1941 supra
938 1857 1119 1943 docuimus,

109 1946 361 2030 Epaminondas,
384 1946 489 2030 quoad
508 1967 581 2013 cum
600 1945 723 2010 civibus
742 1944 931 2009 dimicatum
950 1948 1009 2028 est,
1029 1947 1119 2012 domi

110 2034 239 2117 quietus
262 2033 333 2098 fuit.
372 2034 482 2119 itaque
505 2034 585 2100 haec
607 2033 819 2098 liberatarum
836 2031 1022 2097 Thebarum
1047 2057 1119 2118 pro

109 2120 182 2204 pria
204 2121 274 2185 laus
299 2125 349 2186 est
372 2121 560 2207 Pelopidae,
589 2125 715 2188 ceterae
743 2121 809 2186 fere
833 2143 1020 2186 communes
1045 2144 1119 2187 oum

74 2223 90 2272 a
109 2208 343 2292 Epaminonda.
379 2218 518 2295 namque
540 2212 576 2275 iu
598 2208 769 2276 Leuctrica
790 2215 901 2296 pugna
922 2210 1118 2294 imperatore

109 2297 336 2382 Epaminonda
357 2298 411 2364 hic
434 2298 498 2362 fuit
521 2299 585 2363 dux
603 2299 746 2364 delectae
765 2320 889 2382 manus,
913 2320 994 2382 quae
1012 2299 1119 2382 prima

75 2385 304 2472 aphalangem
335 2387 514 2473 prostravit
543 2385 717 2453 Laconum.
769 2386 918 2452 omnihus
950 2390 1119 2471 praeterea

109 2475 262 2558 periculis
285 2475 350 2540 eius
372 2474 466 2539 affirit
489 2471 601 2560 (sicut,
632 2473 785 2559 Spartam
808 2496 882 2540 cum
910 2475 1119 2561 oppugnavit,

111 2563 251 2627 alterum
274 2563 379 2628 tenuit
403 2560 526 2647 cornu),
550 2584 676 2647 quoque
696 2562 845 2627 Messena
868 2563 1004 2628 celerius
1027 2563 1119 2628 resti·

110 2654 265 2734 tueretur,
283 2650 411 2736 legatus
425 2650 461 2714 in
473 2649 591 2715 Persas
605 2654 657 2715 est
674 2649 848 2735 profectus.
889 2651 1025 2735 denique
1039 2651 1119 2716 haec

110 2737 174 2800 fuit
197 2738 301 2800 altera
322 2758 461 2820 persona
474 2737 604 2819 Thebis,
627 2737 684 2802 sed
707 2740 817 2802 tamen
840 2739 980 2805 secunda
1002 2739 1059 2823 ita,
1083 2743 1120 2804 ut

110 2823 259 2906 proxima
281 2827 368 2888 esset
389 2823 642 2909 Epaminondae.

75 2910 96 2975 5
200 2908 414 2975 Conflictatus
429 2915 538 2976 autem
551 2915 602 2976 est
616 2911 716 2977 etiam
730 2913 865 2978 adversa
878 2914 1018 2980 fortuna.
1044 2937 1120 2979 nam

112 3002 145 3062 et
168 2995 272 3079 initio,
296 2997 381 3064 sicut
405 2998 614 3083 ostendimus,
637 3001 711 3065 exul
729 3002 838 3085 patria
857 3003 962 3068 caruit
981 3006 1023 3086 et,
1047 3024 1121 3069 cum

110 3085 313 3150 Thessaliam
344 3085 379 3150 in
409 3089 609 3171 potestatem
639 3087 868 3156 Thebanorum
906 3094 1038 3175 cuperet
1075 3113 1121 3156 re·

111 3175 221 3261 digere
245 3173 483 3261 legationisque
506 3174 576 3240 iure
599 3176 680 3242 satis
699 3181 824 3243 tectum
843 3200 878 3243 se
896 3179 1122 3263 arbitraretur,

113 3263 199 3347 quod
222 3263 307 3348 apud
331 3284 442 3328 omncs
466 3267 580 3350 gentes
604 3268 753 3331 sanctum
776 3288 847 3331 esse
871 3272 1077 3353 consuesset,
1104 3292 1124 3332 a

112 3355 252 3434 tyranno
275 3351 460 3417 Alexandro
484 3351 629 3418 Pheraeo
653 3354 750 3418 simul
774 3376 848 3420 cum
873 3353 1016 3420 lomenia
1038 3377 1124 3421 com·

77 3439 290 3520 aprehensus
313 3441 348 3505 in
370 3441 477 3507 vincla
500 3440 663 3506 coniectus
682 3445 741 3506 est.
774 3442 861 3507 hunc
878 3442 1124 3526 Epaminondas

95 3529 325 3614 recuperarit,
363 3531 449 3597 bello
480 3550 679 3618 persequens
707 3527 936 3595 Alexandrum.
982 3536 1059 3616 post
1092 3533 1125 3596 id
