2400 3922
111 217 155 283 54
421 217 494 273 XIV.
512 217 693 272 DATAMES.
713 223 809 273 8-10.

110 363 258 428 locorum
285 362 448 448 angustiis
476 362 661 446 clausisset,
693 363 781 446 quod
811 361 918 446 perito
950 362 1124 448 regionum

75 451 290 535 toallideque
319 451 479 537 cogitanti
509 472 605 535 saepe
635 451 816 535 accidebat,
844 449 1123 535 Autophrodates,

96 559 185 605 cum
212 539 335 604 bellum
362 539 436 605 duci
462 539 584 605 maiore
612 539 700 625 regis
727 538 914 605 calamitate
943 559 1042 622 quam
1069 539 1123 604 ad·

111 628 330 694 versariorum
361 628 503 712 videret,
533 649 648 712 pacem
680 627 923 711 amicitiamque
950 629 1123 708 pristinam

111 737 286 782 memorans
308 737 377 781 eam
399 717 552 781 hortatus
575 720 642 800 est,
664 720 703 781 ut
726 737 799 782 cum
822 736 898 801 rege
921 716 956 780 in
979 717 1122 800 gratiam

75 805 239 870 orediret.
276 825 375 888 quam
392 805 448 870 illo
468 805 531 870 etsi
549 804 648 869 fidam
664 825 732 870 non
749 803 820 869 fore
837 807 898 888 put
883 803 985 888 t,abat
1010 807 1122 870 tamen

111 893 334 959 condicionem
353 892 479 977 accepit
496 914 595 976 seque
616 892 657 957 ad
670 892 734 958 Art
720 898 885 958 taxerxem
903 854 1032 977 legatos
1047 893 1122 958 mis·

111 1002 223 1047 surum
241 982 332 1047 dixit
369 981 416 1047 sic
439 982 571 1066 bellurn,
594 980 680 1065 quod
703 1003 760 1047 rex
782 981 935 1046 adversus
957 979 1025 1045 Dat
1011 984 1123 1046 tamen

111 1074 306 1153 susceperat,
330 1070 478 1134 sedatum
501 1073 560 1134 est.
595 1068 664 1134 Aut
650 1069 826 1153 ttophroda
828 1090 862 1135 es
885 1069 920 1133 in
941 1058 1121 1155 Phrygiam

111 1179 239 1223 sorece
262 1158 299 1222 it.

76 1244 96 1307 9
199 1180 326 1330 Atprex,
344 1246 431 1330 quod
444 1245 652 1330 implacabile
667 1245 800 1310 odium
791 1268 826 1310 m
838 1245 905 1310 Dat
891 1249 1002 1311 tamen
1016 1267 1121 1311 susce

110 1336 213 1418 perat,
230 1338 407 1418 postquam
425 1335 512 1399 bello
531 1355 606 1399 eum
624 1334 765 1418 opprimi
782 1355 850 1399 non
867 1355 964 1418 posse
979 1333 1122 1399 animad-

110 1422 219 1506 vertit,
242 1422 370 1488 insidiis
392 1423 575 1495 interficere
599 1422 741 1487 studuit:
765 1444 846 1506 quas
869 1422 925 1487 ille
948 1421 1121 1506 plerasque

75 1510 256 1576 actitavit.
293 1511 388 1596 sicut,
411 1512 534 1578 cumei
555 1511 743 1577 nuntiatum
766 1514 853 1576 esset
876 1511 1035 1595 quosdam
1058 1511 1122 1576 sibi

110 1599 272 1684 insidiari,
300 1601 357 1684 qui
383 1601 419 1666 in
441 1601 620 1666 amicorum
642 1604 736 1665 erant
757 1620 892 1665 numero
917 1596 970 1685 (de
993 1599 1122 1684 quibus,

111 1688 198 1772 quod
238 1689 363 1755 inimici
399 1689 599 1772 detulerant,
642 1710 746 1772 neque
787 1687 980 1754 credendum
1016 1708 1121 1771 neque

110 1777 347 1864 neglegendum
365 1775 518 1861 putavit),
541 1776 680 1860 experiri
697 1777 812 1861 voluit,
829 1798 942 1841 verum
959 1774 1121 1841 falsumne

75 1864 176 1930 esibi
204 1869 291 1930 esset
317 1864 467 1928 relatum.
511 1864 623 1947 itaque
646 1885 684 1928 eo
706 1865 873 1948 profectus
901 1868 965 1947 est,
993 1864 1030 1929 in
1056 1886 1120 1948 quo

110 1952 227 2017 itinere
253 1952 381 2016 suturas
408 1951 544 2016 insidias
571 1951 728 2017 dixerant.
773 1954 830 2018 sed
856 1953 957 2038 elegit
985 1973 1121 2036 corpore

111 2061 149 2105 ac
172 2043 300 2104 statura
322 2039 525 2104 simillimum
548 2040 599 2105 sui
621 2041 714 2124 eique
736 2040 893 2107 vestitum
916 2063 1011 2106 suum
1032 2040 1122 2106 dedit

111 2131 210 2210 atque
238 2148 276 2191 eo
303 2127 376 2193 loco
404 2127 465 2211 ire,
497 2150 562 2213 quo
589 2129 659 2212 ipse
688 2133 873 2213 consuerat,
904 2129 1014 2214 iussit3
1050 2130 1120 2212 ipse

111 2219 222 2281 autem
245 2220 362 2281 ornatu
385 2216 571 2302 vestituque
593 2217 730 2283 militari
748 2219 835 2283 inter
854 2218 1000 2301 corporis
1015 2222 1122 2282 custo·

75 2305 168 2370 sdes
191 2305 255 2370 iter
280 2304 388 2372 facere
410 2306 527 2390 coepit.
573 2310 609 2371 at
635 2307 856 2390 insidiatores,
882 2309 1060 2389 postquam
1086 2307 1122 2370 in

111 2414 297 2476 cumquest
327 2394 504 2461 trameant
528 2395 636 2461 locum
660 2416 778 2480 agmen
800 2394 961 2478 pervenit,
992 2393 1121 2478 decepti

111 2483 276 2547 ordinet
242 2486 276 2547 at
278 2505 341 2567 que
359 2484 481 2549 vestitu
502 2484 661 2568 impetum
679 2484 714 2548 in
728 2505 802 2548 eum
815 2482 950 2566 faciunt,
973 2483 1030 2566 qui
1049 2505 1122 2567 sup·

109 2571 237 2656 positus
265 2575 345 2636 erat.
389 2572 596 2655 praedixerat
628 2576 738 2636 autem
770 2571 810 2635 iis
842 2569 910 2635 Dat
895 2574 1015 2656 t,ames
1048 2593 1122 2636 cum

111 2660 284 2760 quibust
257 2682 320 2724 rer
346 2659 502 2745 faciebat,
474 2663 571 2725 tut
601 2660 709 2744 parati
741 2663 851 2724 essent
881 2658 1002 2743 facere,
1035 2659 1122 2760 quod

15 2829 18 2832 Α
75 2748 219 2830 tipsum
232 2747 398 2811 vidissent
435 2748 513 2848 ipse,
532 2751 570 2812 ut
583 2751 774 2813 concurrent
776 2769 810 2812 es
760 2746 1036 2812 tinsidiatores
1056 2748 1122 2812 eni-

110 2856 200 2899 mum
228 2834 382 2918 advertit,
410 2835 513 2899 tela
504 2858 538 2898 m
565 2857 620 2900 ecs
648 2835 795 2900 coniecit
840 2835 903 2900 hoc
932 2835 1019 2900 idem
1047 2857 1122 2900 cum

110 2922 253 2988 unirersr
243 2920 421 2986 fecissent
421 2973 430 3006 ,
407 2924 638 3006 tpriusquam
651 2923 857 3006 pervenirent
871 2924 913 2988 ad
930 2944 1005 2988 eum
1024 2945 1120 3007 quem

110 3009 245 3098 aggredi
268 3009 431 3093 volebant,
454 3011 573 3075 confixi
596 3011 814 3076 conciderunt.

58 3099 102 3170 10
198 3097 263 3164 Hie
295 3101 406 3163 tamen
437 3102 507 3163 tam
538 3099 675 3164 callidus
708 3100 759 3164 vir
790 3104 937 3165 extremo
973 3103 1122 3184 tempore

111 3192 227 3273 captus
249 3191 301 3252 est
323 3185 535 3271 Mithridatis,
557 3187 788 3253 Ariobarzanis
811 3188 882 3272 filii,
904 3186 990 3252 dolo.
1032 3210 1122 3254 nam·

111 3299 172 3361 que
199 3278 228 3342 is
260 3276 428 3360 pollicitus
456 3280 507 3340 est
533 3277 604 3362 regi
630 3299 665 3341 se
693 3299 766 3342 eum
798 3273 951 3342 interfect
936 3280 1062 3361 tu,rum
1094 3276 1123 3342 si

109 3387 167 3429 rex
189 3357 403 3450 permitteret,
426 3369 464 3430 ut
487 3365 711 3449 quodcumque
731 3365 830 3430 vellet
853 3364 999 3430 liceret
990 3386 1123 3449 1mpune

108 3452 229 3537 facere,
256 3453 416 3539 fidemque
444 3453 483 3518 de
507 3474 545 3517 ea
567 3476 602 3519 re
625 3475 715 3519 more
737 3453 911 3518 Persarum
934 3454 1049 3518 dextra
1073 3455 1123 3517 de

49 3549 74 3593 2
89 3505 229 3600 ausser.)
250 3541 341 3608 hanc
366 3547 405 3610 ut
427 3541 557 3631 accepit
581 3565 600 3610 a
622 3564 700 3631 rege
721 3542 872 3626 musam,
892 3542 1003 3626 copias
1027 3545 1124 3627 parat
