2400 3922
124 226 166 289 72
431 225 529 281 xvln.
548 224 728 280 EUMENES.
757 232 781 280 a
803 231 825 278 a.

124 371 209 454 quod
240 369 308 435 fere
341 391 452 435 omnes
485 371 519 433 in
551 370 677 455 magnis
710 370 855 455 imperiis
888 371 1130 453 concupiscunt,

87 473 105 522 4
124 459 269 523 omnium
286 461 396 542 partes
416 458 577 542 corripere
596 461 694 541 atque
713 458 894 542 complecti.
930 479 1034 542 neque
1053 481 1130 524 vero

123 547 185 612 hoc
217 546 273 610 ille
306 546 394 610 solus
423 545 514 630 fecit,
547 546 603 610 sed
632 546 731 610 ceteri
759 567 887 630 quoque
915 567 1041 629 omnes,
1074 548 1130 630 qui

124 634 300 699 Alexandri
323 633 453 698 fuerant
476 634 582 698 amici.
626 633 750 718 primus
774 632 961 699 Leonnatus
984 633 1130 700 Macedo-

124 724 212 788 niam
243 743 479 807 praeoccupare
506 721 691 786 destinavit.
740 722 768 786 is
796 722 908 787 multis
939 724 1129 809 magnisque

123 810 417 896 pollicitationibus
444 808 635 893 persuadere
658 808 797 874 Eumeni
825 810 963 893 studuit,
990 815 1029 874 ut
1056 810 1130 876 Per-

90 900 249 964 cdiccam
276 899 438 963 desereret
465 919 502 961 ae
530 918 639 961 secum
666 896 788 961 faceret
811 898 1010 962 societatem.
1057 921 1130 963 curn

124 987 297 1072 perducere
321 1007 395 1050 eum
417 1005 483 1049 non
505 987 626 1068 posset,
650 984 831 1050 interficere
855 989 991 1050 conatus
1015 991 1075 1070 est,
1098 991 1130 1051 et

124 1075 270 1156 fecisset,
296 1073 361 1137 nisi
387 1072 443 1136 ille
470 1071 554 1135 clam
580 1075 680 1136 noctu
708 1094 747 1136 cx
769 1073 938 1156 praesidiis
963 1075 1032 1139 cius
1056 1074 1130 1139 cffu-

150 1164 236 1226 'sset

89 1185 159 1316 3gl
213 1248 350 1313 Interim
377 1247 517 1313 conflata
544 1252 620 1312 sunt
647 1248 705 1312 illa
732 1248 830 1332 bella,
858 1271 940 1333 quae
967 1250 1008 1314 ad
1034 1251 1131 1314 inter·

125 1338 286 1404 nicionem
308 1339 385 1420 post
407 1334 583 1400 Alexandri
606 1339 746 1401 mortem
769 1340 863 1422 gesta
890 1342 979 1421 sunt,
1007 1359 1132 1403 omnes-

127 1448 189 1510 que
212 1427 443 1491 conourrerunt
466 1423 506 1488 ad
529 1423 716 1491 Perdiccam
739 1425 993 1508 opprimendum.
1035 1449 1132 1510 quem

127 1515 190 1579 etsi
217 1513 383 1578 infirmum
410 1511 554 1596 videbat,
582 1512 668 1597 quod
695 1533 779 1576 unus
806 1515 957 1578 omnibus
979 1515 1132 1579 resistere

128 1603 319 1689 cogebatur,
342 1605 451 1665 tamen
474 1600 613 1666 amicum
635 1622 702 1666 non
724 1601 867 1667 deseruit
888 1623 992 1686 neque
1016 1603 1132 1668 salutis

91 1707 226 1776 aquam
248 1689 323 1754 fidei
345 1688 409 1753 fuit
432 1689 586 1773 cupidior.
631 1688 831 1772 praefecerat
853 1689 938 1754 hunc
961 1689 1133 1757 Perdiccas
1190 1736 1192 1742 ι

128 1781 158 1844 11
175 1778 262 1864 parti
277 1776 384 1859 Asiae,
407 1798 488 1860 quae
507 1777 593 1842 inter
605 1777 748 1841 Taurum
766 1780 910 1841 montem
928 1777 1013 1841 iacet
1035 1784 1134 1862 atque

128 1867 391 1949 Hellespontum,
421 1869 454 1928 et
481 1865 574 1929 illum
601 1887 702 1929 unum
729 1868 925 1948 opposuerat
951 1864 1134 1950 Europaeis

129 1953 334 2035 adversariis,
356 1952 426 2035 ipse
440 1950 628 2037 Aegyptum
648 1956 871 2038 oppugnatum
889 1953 1042 2017 adversus
1057 1954 1135 2020 Pto·

93 2057 109 2106 3
128 2043 288 2106 lernaeum
306 2043 377 2104 erat
394 2039 567 2122 profectus.
604 2040 765 2106 Eumenes
785 2062 858 2106 cum
875 2061 979 2124 neque
998 2064 1134 2128 magnas

129 2129 238 2213 copias
261 2149 365 2211 neque
387 2127 498 2192 firmas
521 2129 665 2213 haberet,
688 2129 773 2213 quod
797 2134 831 2192 et
850 2129 1082 2195 inexercitatae
1102 2136 1135 2196 11

128 2239 195 2282 non
216 2216 321 2281 multo
344 2220 419 2280 ante
442 2222 535 2282 erant
553 2221 747 2300 contractae,
771 2218 943 2282 adventare
962 2222 1072 2283 autem
1091 2220 1135 2283 di-

130 2308 279 2372 cerentur
296 2303 609 2390 Hellespontumque
633 2306 790 2370 transisse
809 2303 984 2390 Antipater
1007 2306 1135 2372 111111-

130 2399 218 2460 11111
241 2415 358 2480 magno
382 2415 456 2458 cum
479 2394 621 2458 exercitu
644 2392 866 2474 Macedonum,
890 2394 951 2458 riri
976 2415 1049 2458 cum
1073 2396 1135 2460 cla

94 2484 227 2547 critate
264 2487 335 2546 tum
366 2503 428 2546 usu
464 2482 541 2546 belli
578 2485 781 2565 praestantes
815 2480 1021 2566 (Macedones
1058 2505 1134 2548 vero

130 2571 251 2635 milites
276 2593 313 2634 ea
336 2574 406 2634 tum
430 2575 524 2634 crunt
547 2569 646 2654 fama,
674 2591 738 2653 qua
759 2591 844 2634 nunc
867 2569 1007 2634 Romani
1030 2570 1135 2636 ferun·

130 2663 198 2723 tur:
221 2658 341 2722 etenim
364 2679 491 2740 semper
512 2658 618 2722 habiti
641 2663 718 2722 sunt
735 2657 917 2740 fortissimi,
941 2659 997 2742 qui
1016 2660 1135 2723 summi

130 2746 259 2829 imperii
281 2743 494 2831 potirentur):
523 2744 685 2811 Eumenes
712 2745 939 2829 intellegebat,
966 2747 995 2810 si
1023 2748 1135 2831 copiae

132 2854 207 2898 suae
231 2837 436 2917 cognossent,
459 2833 611 2898 adversus
631 2854 712 2915 quos
730 2832 932 2917 ducerentur,
954 2855 1020 2898 non
1039 2836 1135 2899 modo

95 2935 194 2984 cnon
218 2919 336 3001 ituras,
359 2919 415 2982 sed
438 2919 535 2984 simul
559 2941 631 2984 cum
654 2920 769 2983 nuntio
792 2920 983 3003 dilapsuras.
1024 2923 1136 3007 itaque

130 3007 192 3072 hoc
211 3007 241 3071 ei
259 3005 365 3070 visum
388 3009 439 3071 est
460 3006 757 3092 prudentissimum,
780 3012 818 3072 ut
840 3009 941 3074 deviis
964 3010 1135 3076 itineribus

131 3095 252 3160 milites
280 3093 424 3176 duceret,
454 3095 488 3157 in
516 3094 632 3178 quibus
660 3117 737 3161 vera
763 3097 872 3162 audire
899 3119 966 3162 non
992 3103 1137 3182 possent,

132 3188 165 3250 et
191 3184 232 3248 iis
259 3182 467 3268 persuaderet
494 3204 529 3247 se
557 3187 670 3249 eontra
699 3186 855 3267 quosdam
885 3185 1041 3251 barbaros
1064 3208 1137 3270 pro-

96 3289 112 3336 e
131 3273 241 3338 ficisci.
271 3275 368 3356 atque
391 3271 497 3336 tenuit
515 3272 578 3337 hoc
595 3273 801 3357 propositum
819 3278 854 3339 et
871 3274 961 3358 prius
980 3274 1015 3338 in
1033 3275 1138 3340 aciem

132 3361 308 3427 exercitum
328 3360 437 3424 eduxit
459 3360 683 3444 proeliumque
702 3361 874 3446 commisit,
898 3382 995 3444 quam
1015 3363 1138 3428 milites

132 3450 182 3512 sui
201 3449 330 3530 scirent,
354 3470 427 3514 cum
446 3449 562 3533 quibus
582 3470 673 3514 arma
691 3449 881 3515 conferrent.
912 3449 1018 3514 effecit
1038 3452 1139 3516 etia'n

112 3533 206 3596 illud
221 3537 373 3601 locorum
394 3537 708 3625 praeoccupatione,
728 3543 768 3602 11
789 3538 937 3622 equitatu
959 3540 1070 3620 potius
1095 3540 1139 3603 :li-
