2400 3922
127 214 172 276 44
459 209 506 264 XI.
526 207 751 264 IPHIORATES.
779 216 802 262 3.

93 357 290 422 arationem
313 354 373 439 sui,
396 353 452 418 sed
474 353 510 417 in
531 352 643 417 labore
666 352 763 416 nimis
787 351 942 416 remissus
961 371 1145 435 parumque

129 443 274 529 patiens,
305 445 345 506 ut'
374 440 604 526 Theopompus
636 440 812 505 memoriae
844 438 1004 523 prodidit,
1037 438 1144 504 bonus

129 554 205 597 vero
234 531 313 596 civis
341 529 468 612 fideque
481 548 624 614 magna.
670 527 854 611 quodcum
881 528 917 591 in
946 526 1020 591 aliis
1044 527 1144 592 rebus

129 619 315 704 declaravit,
339 622 410 683 tum
433 617 573 682 maxime
591 616 626 680 in
641 614 804 700 Amyntae
823 613 1010 681 Macedonis
1029 614 1144 680 liberis

130 707 268 772 tuendis.
313 727 454 789 namque
481 704 657 788 Eurydice,
686 707 792 768 mater
815 702 988 768 Perdiccae
1011 705 1046 767 et
1068 701 1145 768 Phi·

130 795 221 879 lippi,
245 817 319 860 cum
336 794 389 858 his
408 793 534 865 duobus
552 791 663 876 pueris
682 790 828 875 Amynta
847 795 977 856 mortuo
992 790 1038 854 ad
1057 789 1144 875 Iphi·

96 899 111 947 a
132 887 244 948 craten
267 881 416 966 confugit
439 881 572 964 eiusque
596 880 712 964 opibus
737 878 869 945 defensa
892 882 951 945 est.
996 878 1080 943 vixit
1103 879 1145 943 ad

132 973 333 1035 senectutem
356 969 494 1053 placatis
514 969 602 1033 inse
622 989 755 1033 suorum
773 968 893 1033 civium
911 965 1039 1032 animis.
1072 989 1144 1034 cau·

132 1080 203 1122 sam
226 1059 344 1142 capitis
368 1058 469 1122 semel
492 1056 588 1140 dixit,
610 1056 697 1120 bello
722 1055 851 1140 sociali,
874 1055 972 1120 simul
995 1076 1070 1120 cum
1092 1054 1144 1120 Ti·

95 1159 113 1208 4
131 1147 273 1229 motheo,
292 1166 395 1228 eoque
412 1144 532 1209 iudicio
551 1147 603 1208 est
621 1144 799 1208 absolutus.
833 1142 1025 1208 Menesthea
1038 1142 1144 1210 filium

79 1308 85 1317 ,Ι
132 1232 265 1315 reliquit
288 1254 327 1297 ex
349 1231 510 1297 Thraessa
532 1235 662 1313 natum,
686 1229 762 1296 Coti
784 1231 872 1316 regis
894 1231 972 1296 filia
1016 1230 1144 1296 is-cum

131 1320 404 1405 interrogaretur,
434 1323 545 1385 utrum
572 1317 690 1404 pluris,
720 1323 848 1403 petrem
876 1323 1072 1404 matremne,
1098 1319 1144 1385 fa·

133 1413 229 1492 oeret,
253 1407 414 1473 ‘matrem’
438 1409 553 1492 inquit.
588 1407 622 1470 id
645 1429 719 1473 cum
743 1408 894 1472 omnibus
917 1407 1037 1472 mirum
1059 1408 1144 1472 vida

132 1500 231 1581 retur,
255 1496 367 1561 atille
391 1494 532 1561 ‘merito'
556 1495 664 1579 inquit
686 1494 798 1561 ‘faciot
821 1518 898 1560 nam
918 1499 1021 1579 pater,
1046 1517 1143 1580 quan·

132 1588 204 1648 tum
226 1585 261 1649 in
284 1606 318 1648 se
336 1584 409 1669 fuit,
432 1584 610 1649 Thraecem
629 1605 681 1648 me
700 1584 823 1669 genuit,
846 1587 962 1664 contra
979 1605 1019 1649 ea
1034 1589 1145 1660 ‚maur

133 1671 388 1738 Atheniensem?

533 1811 743 1820 —-—-—-

460 1971 539 2044 XII.
567 1970 816 2046 OHABRlAS.

64 2185 69 2195 ,
99 2110 117 2172 1
222 2106 381 2173 Chabrias
400 2107 620 2174 Atheniensis.
657 2110 711 2174 hic
735 2130 863 2194 quoque
881 2111 917 2176 in
935 2111 1073 2176 summis
1090 2113 1144 2178 he·

94 2267 98 2273 ⁸
133 2195 222 2260 bitus
242 2200 293 2261 est
310 2196 446 2262 ducibus
461 2218 577 2282 resque
592 2198 713 2263 multas
728 2199 886 2263 memoria
899 2198 1015 2284 dignas
1029 2201 1143 2284 gessit.

134 2283 190 2348 sed
203 2287 257 2349 'ex
285 2285 326 2348 iis
356 2285 461 2351 elucet
488 2285 628 2351 maxime
655 2287 824 2352 inventum
851 2286 920 2351 eius
947 2287 982 2351 in
1009 2289 1144 2374 proelio,

134 2373 221 2456 quod
240 2373 325 2457 apud
338 2372 467 2439 Thebas
486 2373 574 2459 fecit,
593 2396 666 2440 cum
679 2374 814 2439 Boeotis
831 2375 976 2440 subsidio
991 2377 1143 2443 venisset.

97 2475 114 2524 a
132 2483 272 2546 nemque
296 2462 341 2540 in,
354 2483 391 2527 eo
415 2463 553 2528 victoria
571 2463 726 2528 fidentem
745 2484 908 2528 summum
926 2463 1042 2529 ducem
1059 2464 1143 2552 Age·

63 2603 67 2614 .
134 2550 264 2635 silaum,
296 2549 430 2635 fugatis
452 2552 519 2615 iam
547 2551 588 2615 eb
606 2572 655 2615 *eo
683 2550 894 2616 conducticiis
925 2553 1079 2637 catervis,
1110 2573 1142 2619 ao

131 2639 302 2718 frustratas
328 2643 384 2722 est,
415 2641 497 2720 qaod
522 2639 681 2723 reliquam
711 2638 908 2724 phalangem
937 2639 1010 2705 loco
1037 2642 1143 2706 vetuit

134 2725 244 2788 cedere
269 2725 451 2808 obnixoque
474 2746 560 2811 genu
579 2730 682 2811 scuto,
704 2727 850 2810 proiecta
868 2727 965 2790 hasta
983 2727 1143 2811 impetum

134 2813 279 2894 excipere
298 2811 444 2877 hostium
462 2813 580 2879 docuit.
610 2813 643 2877 id
661 2835 782 2878 novum
795 2814 970 2900 Agesilaus
985 2820 1142 2882 contuens

133 2899 285 2982 progredi
308 2919 374 2963 non
397 2904 448 2964 est
471 2922 569 2965 ausus
593 2922 732 2985 suosque
755 2903 822 2966 iem
840 2903 1042 2968 incurrentes
1062 2905 1142 2970 tuba

97 2986 306 3049 arevooauit.
351 2986 414 3051 hoc
441 3009 543 3071 usque
572 3009 609 3053 eo
638 2993 710 3053 tota
733 2987 870 3055 Graecia
892 2990 980 3056 fama
1004 2992 1142 3057 celebra

132 3078 204 3139 tum
234 3077 297 3157 est,
329 3078 367 3138 ut
398 3075 455 3139 illo
489 3079 579 3141 statu
607 3074 765 3142 Chabrias
798 3079 862 3142 sibi
894 3083 1039 3144 statuam
1071 3080 1142 3145 fieri

131 3162 280 3246 uoluerit,
291 3177 386 3245 ‘quae
409 3163 538 3246 publice
558 3164 588 3228 ei
602 3165 643 3228 ab
658 3163 914 3231 Atheniensibus
928 3169 964 3231 in
977 3166 1050 3232 foro
1070 3190 1142 3235 con·

132 3252 252 3315 stituta
266 3253 324 3313 est.
355 3272 394 3314 ex
409 3272 472 3333 quo
487 3250 611 3316 factum
625 3256 676 3317 est
690 3253 857 3338 ut'postea
871 3255 1015 3320 athletae
1030 3255 1143 3321 ceteri·

133 3360 194 3421 que
213 3337 354 3402 artifices
373 3338 414 3401 iis
433 3339 575 3404 statibus
594 3342 629 3403 in
648 3342 767 3406 statuis
786 3342 944 3425 ponendis
962 3348 1142 3427 uterentur,

132 3423 250 3505 quibus
274 3424 445 3489 victoriam
468 3431 577 3490 essent
599 3428 717 3509 adepti.

17 3506 46 3569 '1
84 3507 116 3565 2
149 3560 157 3582 „
217 3507 379 3572 Chabrias
408 3516 522 3574 autem·
546 3514 651 3592 multa
677 3513 712 3575 in
734 3512 867 3594 Europa
896 3516 981 3578 bella
1008 3518 1143 3581 admini-
