2400 3922
120 218 163 282 58
358 201 361 206 ’
398 215 457 271 rr.
477 213 752 270 urauraoums.
780 219 805 270 4.
825 219 850 269 s.

120 362 228 447 inquit
256 360 349 446 ‘opus
376 360 514 445 pecunia
541 364 604 426 est:
633 380 709 424 nam
738 359 766 424 si
788 379 845 423 rex
872 378 910 424 ea
936 358 1020 441 vult,
1049 378 1133 441 quae

120 450 283 516 Thebanis
308 453 385 514 sunt
405 448 515 533 utilia,
583 447 661 513 atiis
683 446 790 513 facero
814 468 886 512 sum
908 449 1058 531 paratus,
1081 447 1140 514 sin.

120 543 230 604 autem
253 537 430 622 contraria,
457 557 523 603 non
574 537 650 601 abet
673 535 744 601 auri
767 539 865 619 atque
889 533 1016 621 argenti
1040 535 1132 600 satis.

119 648 260 711 namque
283 626 373 691 orbis
396 629 558 690 terrarum
581 624 712 689 divitias
735 624 880 708 accipere
902 623 980 688 nolo
998 645 1059 706 pro
1077 644 1133 707 pa·

86 716 205 780 atriae
230 715 375 782 caritate.
418 717 456 779 tu
479 713 565 797 quod
592 733 643 778 me
670 713 873 799 incognitum
903 711 1040 776 tentasti
1071 712 1133 776 tui·
1164 771 1167 775 .

122 826 184 889 que
208 803 349 869 similem
376 801 586 886 existimasti,
611 823 679 866 non
705 801 807 865 miror
829 800 955 884 tibique
978 799 1133 886 ignosco;

122 892 178 957 sed
206 891 357 978 egredere
385 912 531 974 propere,
562 911 603 953 ne
631 889 713 954 alios
744 909 946 973 corrumpas,
979 909 1053 952 cum
1081 910 1132 953 me

120 1002 188 1058 non
209 979 365 1065 potueris.
411 981 444 1042 et
467 981 517 1061 tu,
544 976 703 1062 Micythe,
733 980 905 1063 argentum
927 975 1004 1042 huic
1027 976 1132 1059 redde,

123 1073 188 1151 aut,
206 1068 270 1132 nisi
288 1067 322 1131 id
336 1065 508 1131 confestim
528 1064 618 1150 facis,
637 1086 698 1151 ego
712 1069 745 1130 te
760 1065 889 1129 tradam
902 1064 1132 1150 magistratui'

86 1155 209 1220 4hunc
235 1153 419 1219 Diomedon
446 1175 519 1218 cum
547 1157 693 1239 rogaret,
719 1157 758 1217 ut
784 1156 858 1217 tuto
886 1153 973 1217 exire
1001 1173 1133 1238 suaque,

123 1264 205 1327 quae
233 1242 402 1326 attulerat,
434 1241 547 1306 liceret
575 1241 701 1326 efferre,
729 1240 828 1306 ‘istud
856 1240 997 1324 quidem'
1025 1240 1134 1326 inquit

123 1330 262 1415 ‘faciam
284 1351 387 1413 neque
411 1333 469 1394 tua
492 1351 597 1414 causa,
620 1330 676 1394 sed
699 1350 779 1413 mea,
801 1349 852 1414 ne,
876 1329 905 1394 si
927 1329 990 1395 tibi
1013 1328 1059 1394 sit
1081 1352 1134 1414 pe-

123 1418 217 1484 cunia
244 1419 409 1502 adempta,
439 1417 557 1501 aliquis
585 1417 673 1483 dicat
699 1417 732 1481 id
755 1417 796 1482 ad
818 1439 870 1482 me
893 1420 1042 1501 ereptum
1064 1440 1134 1502 per-

87 1520 103 1569 o
122 1507 258 1592 venisse,
277 1506 364 1591 quod
383 1506 528 1571 delatum
547 1506 691 1590 accipere
709 1504 908 1571 noluissem?
938 1527 1041 1590 aquo
1060 1527 1134 1572 cum

124 1596 317 1680 quaesisset,
346 1616 410 1679 quo
439 1616 472 1660 so
501 1595 614 1660 deduci
636 1594 748 1678 vellet,
779 1597 812 1658 et
839 1593 894 1658 ille
917 1592 1067 1659 Athenas
1090 1595 1135 1660 di·

123 1685 238 1768 xisset,
269 1683 468 1768 praesidium
495 1683 596 1766 dedit,
627 1686 666 1747 ut
693 1685 767 1747 tuto
793 1681 984 1766 perveniret.
1029 1704 1134 1768 neque

123 1794 200 1837 vero
223 1772 256 1836 id
275 1772 356 1836 satis
374 1770 500 1854 habuit,
523 1770 702 1854 sedetiam,
723 1774 762 1835 ut
779 1770 956 1836 inviolatus
969 1770 1005 1835 in
1017 1792 1135 1836 navem

124 1860 318 1941 escenderet,
339 1880 399 1941 per
421 1856 596 1922 Chabriam
619 1857 863 1943 Atheniensem,
885 1858 924 1923 de
948 1879 1013 1942 quo
1036 1881 1136 1944 snpra

89 1962 105 2010 6
124 1948 324 2011 mentionem
341 1945 486 2027 fecimus,
505 1945 621 2010 effecit.
658 1946 875 2012 abstinentiae
889 1946 953 2012 erit
970 1946 1034 2012 hoc
1052 1948 1134 2013 satis

124 2033 358 2099 testimonium.
392 2033 534 2117 plurima
552 2033 682 2117 quidem
704 2034 850 2118 pr’oferre
872 2055 1056 2121 possumus,
1079 2036 1135 2103 sed

124 2122 239 2186 modus
272 2121 471 2187 adhibendus
501 2125 565 2206 est,
598 2122 750 2206 quoniam
781 2144 846 2189 uno
878 2122 941 2189 hoc
970 2124 1135 2190 volumine

124 2210 227 2273 vitam
259 2209 485 2275 excellentium
517 2210 662 2276 virorum
694 2211 909 2295 complurium
943 2213 1135 2278 concludere

125 2297 369 2384 constituimus,
402 2319 540 2382 quorum
569 2320 617 2364 res
648 2299 825 2384 separatim
856 2299 969 2365 multis
1001 2301 1135 2366 milibus

124 2409 275 2452 versuum
299 2387 481 2471 complures
504 2388 691 2472 scriptores*
704 2392 779 2451 ante
801 2408 862 2453 nos
885 2388 1097 2471 explicarunt.

89 2471 111 2538 ὅ
213 2475 292 2540 Fuit
319 2476 419 2540 etiam
447 2475 601 2560 disertus,
630 2480 668 2540 ut
694 2497 790 2540 nemo
817 2477 848 2540 ei
874 2474 1048 2543 Thebanus
1076 2500 1136 2563 par

125 2568 212 2630 esset
236 2564 437 2648 eloquentia,
460 2585 564 2648 neque
587 2563 693 2629 minus
718 2563 893 2629 concinnus
916 2564 951 2628 in
973 2565 1135 2632 brevitate

89 2665 106 2714 a
125 2652 338 2737 respondendi
353 2673 451 2735 quam
465 2653 500 2715 in
512 2655 671 2735 perpetua
685 2651 831 2717 oratione
846 2655 989 2718 ornatus.
1019 2654 1136 2720 habuit

126 2742 380 2804 obtrectatorem
408 2738 610 2803 Menecliden
637 2740 810 2824 quendam,
839 2740 982 2806 indidem
1004 2741 1136 2828 Thebis,

126 2830 159 2890 et
173 2826 392 2890 adversarium
411 2827 446 2889 in
460 2827 715 2891 administranda
733 2850 768 2892 re
785 2829 925 2913 publica,
948 2830 1030 2895 satis
1049 2852 1137 2896 exer·

126 2914 263 2978 citatum
294 2913 329 2976 in
361 2913 508 2997 dicendo,
539 2918 577 2978 ut
603 2914 794 2979 Thebanum
822 2916 960 2982 scilicet:
996 2941 1136 3004 namque

90 3000 175 3065 ailli
199 2999 289 3085 genti
312 3000 386 3084 plus
409 3001 496 3067 inest
518 3002 636 3066 virium
655 3024 753 3085 quam
776 3004 908 3091 ingenii.
944 3006 973 3070 is
993 3008 1080 3090 quod
1102 3009 1137 3072 in

125 3111 160 3154 re
184 3088 319 3153 militari
343 3088 458 3154 florere
480 3089 741 3173 Epaminondam
763 3092 907 3177 videbat,
936 3093 1065 3160 hortari
1088 3117 1137 3161 so

125 3179 215 3243 lebat
238 3176 419 3261 Thebanos
441 3181 479 3242 ut
501 3199 615 3262 pacem
638 3178 724 3245 bello
748 3181 960 3266 anteferrent,
982 3204 1024 3247 ne
1047 3183 1137 3250 illins

125 3266 334 3350 imperatoris
357 3287 456 3350 opera
483 3267 728 3333 desideraretur.
773 3269 849 3334 huic
876 3270 932 3334 illo
955 3270 1068 3337 ‘fallis'
1091 3273 1138 3338 in·

126 3356 199 3438 quit
223 3355 333 3420 ‘verbo
358 3355 443 3420 cives
467 3360 551 3440 tuos,
575 3356 661 3439 quod
684 3377 739 3422 eos
763 3379 782 3421 a
804 3358 891 3424 bello
915 3381 1046 3425 avocas:
1077 3361 1135 3426 ot''

90 3443 213 3507 terrim
239 3443 369 3509 nomine
398 3444 589 3509 servitutem
617 3445 779 3510 concilias.
824 3468 901 3510 nam
923 3448 1052 3531 paritur
1074 3472 1139 3534 pax

114 3530 210 3591 bello.
259 3532 375 3615 itaque
399 3533 456 3618 qui
481 3554 519 3599 ea
542 3531 670 3598 diutina
692 3535 806 3599 volunt
832 3534 911 3615 frui,
940 3536 1027 3602 bello
1051 3560 1139 3603 exer·
