2400 3922
393 219 491 276 XXIII.
510 221 709 280 HANNIBAL.
737 231 816 282 8-5.
1064 230 1107 294 91

99 363 189 448 fecit,
211 362 330 429 itinera
352 366 487 451 muniit,
510 366 617 433 effecit
638 372 677 433 ut
699 391 737 436 ea
760 371 952 456 elephantus
975 377 1110 439 ornatus

99 456 149 520 ire
171 457 292 538 posset,
315 474 379 537 qua
402 457 498 519 antea
520 476 603 520 unus
625 455 724 522 homo
747 458 880 524 inermis
903 461 958 525 vix
979 464 1111 545 poterat

100 563 223 626 repere.
259 541 321 606 hac
344 541 455 625 copias
479 543 625 607 traduxit
647 544 683 609 in
704 543 900 631 Italiamque
922 548 1079 631 pervenit.

190 627 389 696 Conflixerat
411 631 497 715 apud
514 629 709 697 Rhodanum
732 654 806 698 cum
824 632 860 699 P.
874 633 1025 701 Cornelio
1045 633 1111 700 Sci·
1128 636 1150 700 4

100 719 198 803 pione
230 718 361 782 consule
394 739 531 801 eumque
561 719 742 803 pepulerat.
796 743 870 786 cum
902 722 965 788 hoe
997 723 1111 788 eodem

101 805 254 872 Clastidii
281 806 367 888 apud
394 804 519 870 Padum
552 806 697 872 decernit
728 810 938 894 sauciumque
970 811 1045 875 inde
1073 831 1112 876 ae

100 894 253 980 fugatum
276 893 423 957 dimittit.
459 894 559 959 tertio
580 894 668 961 idem
688 893 797 981 Scipio
821 918 895 963 cum
918 898 1045 983 collega
1062 897 1110 962 Ti.
1129 912 1146 961 a

99 981 216 1067 Longo
248 982 334 1064 apud
361 980 512 1047 Trebiam
539 983 693 1048 adversus
720 1005 795 1049 eum
820 985 919 1050 venit
965 1007 1039 1055 cum
1068 985 1109 1050 iis

101 1083 234 1136 manum
257 1069 434 1152 conseruit,
461 1072 618 1153 utrosque
639 1071 836 1157 profligavit.
881 1072 956 1138 inde
978 1094 1038 1158 per
1058 1072 1111 1137 Li·

101 1179 199 1245 gures
222 1156 452 1241 Appenninum
475 1157 616 1241 transiit,
640 1163 753 1241 petens
776 1159 953 1227 Etruriam
989 1161 1053 1226 hoc
1075 1162 1146 1226 ins

100 1247 218 1311 itinere
237 1245 316 1310 adeo
335 1244 428 1329 gravi
446 1245 561 1309 morbo
581 1244 723 1310 afficitur
741 1249 918 1333 oculorum,
940 1252 979 1314 ut
996 1252 1112 1333 postea

100 1355 279 1417 numquam
302 1332 416 1396 dextro
440 1352 540 1414 aeque
563 1332 644 1397 bene
661 1354 740 1397 usus
758 1335 811 1399 sit
844 1357 909 1419 qua
926 1337 1110 1402 valetudine

101 1444 176 1488 cum
195 1421 373 1487 etiamnum
395 1422 597 1502 premeretur
619 1420 799 1503 lecticaque
817 1420 965 1508 ferretur,
989 1422 1024 1489 G.
1038 1423 1111 1488 Fla·

100 1509 239 1575 minium
267 1505 433 1572 consulem
461 1506 546 1588 apud
572 1505 830 1572 ihesumennum
862 1530 935 1573 cum
967 1511 1111 1576 exercitu

99 1597 229 1663 insidiis
245 1595 500 1659 circumventum
514 1593 641 1678 occidit,
654 1615 759 1677 neque
773 1594 877 1659 multo
891 1600 968 1679 post
982 1594 1017 1662 0.
1032 1595 1111 1662 Oen-

99 1685 228 1750 tenium
250 1684 434 1766 praetorem
457 1702 531 1745 cum
554 1681 680 1746 delecta
701 1702 800 1746 manu
828 1682 931 1747 saltus
955 1704 1111 1766 occupan-

99 1778 179 1839 tem.
211 1770 287 1834 hinc
300 1769 335 1833 in
348 1767 503 1852 Apuliam
516 1770 672 1853 pervenit.
703 1769 751 1834 ibi
766 1769 896 1834 obviam
910 1770 940 1834 ei
954 1774 1146 1836 venerunta

102 1863 166 1926 duo
191 1854 406 1940 eonsules,‘O.
424 1855 596 1922 Terentius
620 1862 654 1922 et
676 1856 712 1922 L.
737 1856 904 1927 Aemilius.
940 1858 1111 1941 utriusque

101 1946 262 2014 exercitus
285 1966 351 2009 uno
374 1945 498 2028 proelio
521 1944 658 2031 fugavit,
680 1944 820 2011 Paulum
843 1947 1009 2012 consulem
1030 1946 1111 2012 occi·

103 2036 209 2101 ditet
232 2033 359 2116 aliquot
380 2036 549 2116 praeterea
572 2034 771 2118 consulares,
797 2034 833 2099 in
854 2034 901 2099 eis
925 2034 982 2101 On.
1007 2033 1111 2101 Servi-

102 2125 185 2188 lium
208 2120 394 2203 Geminum,
417 2120 474 2202 qui
496 2121 662 2202 superiore
685 2143 768 2186 anno
791 2120 899 2186 fuerat
922 2124 1044 2189 consul.

191 2209 262 2274 Hac
283 2228 395 2292 pugna
416 2210 563 2291 pugnata
584 2206 725 2272 Romam
750 2208 917 2292 profectus
945 2211 1035 2276 nullo
1063 2232 1110 2275 re
1128 2209 1149 2275 5

103 2297 238 2364 sistente
257 2297 292 2361 in
309 2295 501 2380 propinquis
519 2294 594 2358 urbi
608 2295 774 2359 montibus
789 2299 935 2360 moratus
949 2301 1008 2361 est.
1036 2319 1110 2362 cum
1128 2339 1130 2342 ⁴

103 2387 230 2470 aliquot
255 2382 304 2448 ibi
331 2383 398 2448 dies
427 2385 535 2447 castra
556 2381 726 2447 habuisset
749 2385 783 2446 et
805 2380 950 2465 Capuam
972 2387 1110 2448 reverte-

102 2479 201 2558 retur,
225 2471 263 2549 Q.
276 2470 398 2537 Fabius
416 2469 588 2554 Maximus,
611 2470 751 2535 dictator
773 2468 950 2555 Romanus,
972 2470 1007 2535 in
1030 2491 1109 2556 agro

102 2562 246 2628 Falerno·
265 2559 296 2624 ei
319 2580 353 2624 se
377 2559 505 2624 obiecit.
550 2558 604 2623 hic
627 2558 755 2624 clausus
778 2557 924 2623 locorum
948 2559 1144 2643 angustiisa

101 2653 203 2716 noctu
225 2648 293 2713 sine
316 2647 384 2712 ullo
407 2645 602 2712 detrimento
626 2646 786 2712 exercitus
810 2667 845 2711 se
868 2646 1031 2729 expedivit
1048 2645 1109 2710 Fa·

101 2739 230 2822 bioque,
253 2734 462 2802 callidissimo
485 2734 685 2819 imperatori,
707 2734 796 2799 dedit
818 2734 925 2799 verba.
969 2756 1109 2818 namque

102 2826 244 2892 obducta
265 2828 361 2889 nocte
384 2826 549 2888 sarmenta
570 2823 605 2887 in
627 2822 779 2909 cornibus
801 2822 1011 2888 iuvencorum
1034 2823 1110 2890 deli·

100 2918 181 3000 gata
203 2911 347 2977 incendit
370 2911 502 2994 eiusque
530 2911 657 2996 generis
684 2910 928 2976 multitudinem
956 2932 1110 2997 magnam

102 3001 299 3085 dispalatam
321 2998 468 3063 immisit.
513 3020 577 3082 quo
600 2999 769 3083 repentino
793 2999 866 3065 visu
889 2999 1017 3065 obiecto
1040 3004 1110 3064 tan·

101 3094 173 3155 tum
195 3093 354 3153 terrorem
377 3085 488 3151 iniecit
511 3087 667 3152 exercitui
684 3086 915 3170 Romanorum,
938 3091 976 3150 ut
999 3086 1110 3170 egredi

100 3181 195 3243 extra
217 3176 339 3241 vallum
361 3194 456 3240 nemo
480 3173 524 3237 sit
543 3195 649 3239 ausus.
685 3173 768 3240 hanc
790 3179 868 3259 post
889 3195 959 3239 rem
981 3175 1144 3256 gestams

100 3286 167 3330 non
185 3265 235 3329 ita
253 3262 366 3328 multis
388 3261 501 3326 diebus
514 3259 558 3324 M.
572 3259 751 3326 Minucium
764 3261 896 3344 Rufum,
915 3259 1110 3344 magistrum

100 3353 250 3437 equitum
272 3351 344 3435 pari
368 3370 405 3414 ac
428 3348 622 3413 dictatorem
643 3348 795 3433 imperio,
818 3347 892 3412 dolo
915 3346 1110 3430 productum

99 3444 135 3506 in
147 3439 308 3525 proelium
322 3437 457 3524 fugavit.
480 3434 528 3499 Ti.
544 3433 771 3519 Sempronium
786 3433 977 3516 Gracchum,
991 3433 1111 3499 iterum

99 3527 285 3611 consulem,
321 3525 356 3589 in
386 3522 527 3590 Lucanis
560 3523 680 3589 absens
708 3523 751 3588 in
775 3521 920 3586 insidias
945 3519 1137 3580 intusum
