2400 3922
139 235 182 297 74
446 231 546 288 XVIII.
564 231 744 287 EUMENES.
772 237 796 286 6.
816 237 841 286 6.

102 379 225 463 agiae,
257 377 344 460 quod
366 375 458 442 Nora
485 375 681 460 appellatur,
712 373 869 460 confugit.
915 374 949 438 in
977 395 1041 457 quo
1070 397 1144 440 cum

138 464 427 530 circumsederetur
458 467 491 528 et
522 466 703 545 vereretur,
734 484 775 527 ne
806 483 871 526 uno
904 462 976 527 loco
1009 483 1143 529 manens

138 574 238 637 equos
261 553 420 617 militares
442 552 600 636 perderet,
622 551 709 634 quod
728 550 870 634 spatium
887 571 955 616 non
972 554 1060 615 esset
1078 552 1145 637 agi·

139 641 243 725 tandi,
266 640 419 705 callidum
441 639 505 704 fuit
528 639 596 704 eius
619 638 801 721 inventum,
829 659 925 721 quem
948 637 989 702 ad
1012 639 1144 704 modum

139 734 230 794 stans
262 729 444 794 iumentum
471 726 654 793 concalfieri
685 726 888 808 exercerique
920 730 1047 811 posset,
1080 748 1143 811 quo

138 817 293 882 libentius
317 820 350 881 et
373 817 445 882 cibo
468 818 616 880 uteretur
639 819 673 880 et
691 836 710 879 a
729 813 874 898 corporis
898 817 990 879 motu
1012 835 1080 880 non
1098 837 1144 879 ra

103 909 331 970 smoveretur.
372 902 617 988 substringebat
640 906 738 986 caput
760 902 830 967 loro
855 902 963 986 altius,
986 923 1085 986 quam
1107 907 1144 968 ut

138 993 301 1076 prioribus
320 992 455 1077 pedibus
469 991 564 1074 plene
578 995 699 1055 terram
712 994 824 1074 posset
838 991 1010 1076 attingere,
1030 990 1143 1056 deinde

137 1084 214 1163 post
236 1079 424 1145 verberibus
448 1079 586 1164 cogebat
609 1078 771 1143 exsultare
790 1081 823 1142 et
842 1078 945 1143 calces
964 1077 1143 1144 remittere:

138 1168 194 1250 qni
222 1171 330 1231 motus
356 1188 423 1231 non
450 1167 557 1231 minus
585 1167 736 1232 sudorem
762 1166 962 1250 excutiebat,
990 1187 1089 1249 quam
1117 1169 1145 1231 si

102 1254 172 1319 ain
194 1254 301 1337 spatio
324 1255 516 1320 decurreret.
561 1276 625 1338 quo
647 1254 772 1319 factum
795 1257 861 1337 est,
884 1253 970 1337 quod
993 1255 1144 1320 omnibus

138 1342 287 1407 mirabile
306 1346 357 1408 est
374 1343 490 1427 visum,
508 1345 546 1407 ut
560 1364 660 1426 aeque
673 1342 778 1407 nitida
791 1342 936 1407 iumenta
951 1363 990 1406 ex
1008 1343 1144 1409 castello

137 1431 295 1514 educeret,
319 1453 393 1497 cum
415 1431 597 1515 complures
621 1452 747 1497 menses
770 1431 805 1495 in
828 1430 996 1495 obsidione
1018 1429 1144 1514 fuisset,

102 1535 117 1585 7
138 1540 175 1584 ac
199 1518 227 1582 si
248 1519 284 1584 in
307 1519 544 1604 campestribus
567 1541 606 1584 aa
627 1520 709 1585 locis
727 1518 904 1584 habuisset.
939 1519 974 1583 in
991 1518 1053 1584 hac
1072 1541 1145 1585 con·

77 1609 79 1613 ’
139 1607 291 1692 elusione,
315 1608 604 1692 quotienscumque
627 1608 746 1690 voluit,
770 1610 962 1691 apparatum
986 1610 1019 1671 et
1042 1608 1145 1672 muni·

137 1696 244 1761 tiones
266 1693 427 1782 Antigoni
455 1696 536 1760 alias
563 1694 719 1777 incendit,
747 1694 828 1758 alias
857 1695 992 1759 disiecit.
1039 1696 1146 1760 tenuit

138 1787 247 1848 autern
270 1804 304 1847 se
327 1804 393 1848 uno
415 1784 501 1865 loeo,
525 1781 678 1864 quamdiu
699 1780 804 1844 hiems
827 1780 904 1864 fuit,
927 1782 1014 1864 quod
1037 1787 1146 1849 castra

106 1888 108 1890 ·
138 1871 197 1935 sub
228 1871 301 1935 divo
333 1870 453 1933 habere
479 1889 546 1932 non
576 1871 714 1951 poterat.
759 1888 816 1931 var
847 1869 1145 1953 appropinquabat:

137 1957 291 2022 simulata
304 1954 475 2039 deditione,
499 1954 575 2019 dum
589 1955 628 2019 de
642 1954 885 2020 condicionibus
904 1959 1036 2040 tractat,
1054 1980 1146 2041 prae

136 2043 231 2108 fectis
245 2041 405 2128 Antigoni
427 2042 586 2126 imposuit
604 2064 701 2127 sequa
720 2064 757 2109 ac
776 2065 852 2109 suos
872 2064 982 2109 omnes
1001 2049 1146 2113 extraxit

136 2130 323 2195 incolumes.
730 2189 733 2194 ,

62 2265 71 2280 .
101 2219 122 2284 6
224 2218 276 2284 Ad
298 2219 384 2285 hunc
399 2217 578 2305 Olympias,
601 2223 705 2285 mater
730 2242 811 2304 quae
834 2220 942 2286 fuerat
955 2219 1144 2308 Alexandri,

137 2330 210 2372 cum
233 2308 362 2373 litteras
385 2313 419 2373 et
435 2309 569 2373 nuntios
593 2308 737 2373 misisset
759 2309 795 2374 in
811 2307 927 2374 Asiam
950 2311 1145 2396 consultum,

137 2401 248 2462 utrum
270 2397 447 2481 repetitum
464 2397 527 2462 iret
542 2396 765 2463 Macedoniam
789 2394 878 2483 (nam
900 2400 972 2463 tum
993 2397 1029 2463 in
1041 2397 1144 2482 Epiro

102 2484 324 2571 thabitabat)
348 2489 382 2550 et
409 2507 484 2550 suas
512 2507 563 2550 res
592 2488 777 2570 occuparet,
808 2485 884 2550 huic
915 2485 970 2550 ille
1001 2487 1144 2569 primum

138 2574 251 2658 suasit,
272 2595 313 2639 ne
337 2595 371 2638 se
394 2576 539 2638 moveret
562 2577 596 2638 et
614 2577 824 2658 exspectaret,
847 2573 953 2657 quoad
967 2573 1145 2640 Alexandri

136 2661 224 2726 filius
247 2682 384 2746 regnum
407 2662 653 2745 adipisceretur,
684 2662 736 2727 sin
762 2662 873 2744 aliqua
895 2661 1073 2745 cupiditate
1096 2685 1145 2728 ra

137 2753 268 2831 peretur
286 2750 321 2813 in
343 2747 575 2833 Macedoniam,
599 2749 844 2814 oblivisceretur
867 2750 1012 2814 omnium
1033 2751 1145 2816 iniuri-

103 2853 230 2900 aarum
253 2837 343 2899 etin
364 2837 527 2901 neminem
550 2837 714 2901 acerbiore
737 2840 884 2902 uteretur
906 2837 1053 2922 imperio.
1088 2838 1144 2904 ho·

137 2943 211 2987 rum
233 2922 291 2987 illa
312 2922 395 2986 nihil
417 2923 509 2989 fecit:
539 2945 616 2988 nam
640 2928 673 2988 et
695 2924 731 2989 in
752 2924 976 2991 Macedoniam
997 2925 1144 3010 profecta

138 3013 189 3075 est
216 3014 249 3075 et
277 3009 325 3074 ibi
354 3010 575 3076 crudelissime
607 3033 641 3076 se
673 3013 786 3096 gessit.
830 3014 928 3097 petiit
960 3018 1070 3081 autem
1102 3016 1143 3080 ab

138 3099 283 3164 Eumene
306 3099 452 3184 absente,
478 3121 520 3164 ne
542 3102 710 3183 pateretur
733 3100 878 3186 Philippi
900 3103 1015 3167 domus
1040 3124 1078 3169 ac
1100 3103 1144 3167 fa·

138 3188 248 3253 miliae
262 3186 506 3253 inimicissimos
520 3188 658 3273 stirpem
672 3211 800 3274 quoque
818 3189 1014 3275 interimere,
1032 3191 1145 3257 ferret

103 3305 120 3354 4
140 3298 201 3360 qua
230 3298 325 3361 opem
352 3275 464 3341 liberis
487 3275 672 3342 Alexandri
717 3300 815 3362 quam
837 3277 965 3344 veniam
988 3279 1017 3344 si
1044 3280 1146 3364 daret,

139 3386 236 3449 quam
262 3365 405 3449 primum
432 3365 591 3431 exercitus
618 3370 763 3450 pararet,
795 3388 876 3450 quos
903 3366 969 3430 sibi
1000 3368 1145 3433 subsidio

138 3452 319 3518 adduceret.
364 3453 398 3518 id
421 3475 484 3537 quo
512 3452 640 3520 facilius
663 3454 797 3538 faceret,
824 3476 859 3520 se
882 3455 1033 3521 omnibus
1056 3479 1147 3540 prae·

117 3536 228 3621 seretis
254 3541 317 3621 qui
335 3541 372 3605 in
398 3540 509 3610 officio
533 3543 723 3629 manebant,
745 3542 872 3608 misisse
894 3542 1033 3629 litteras,
1056 3549 1094 3610 ut
1116 3545 1147 3611 ei
