2400 3922
112 200 156 262 40
296 221 297 224 ’
491 191 519 249 X
544 194 642 252 DION.
672 203 696 250 6.
716 201 740 250 l.

113 342 234 407 talibus
257 339 465 424 pactionibus
487 360 600 423 pacem
623 343 780 423 tyrannus
803 338 909 405 facere
932 339 1045 404 vellet:
1074 338 1123 405 Si·

114 430 222 495 ciliam
249 427 337 493 Dion
365 428 541 511 obtineret,
567 426 699 490 Italiam
722 425 914 528 Dionysius,
942 425 1122 511 Syracusas

113 517 351 602 Apollocrates,
365 515 417 581 cui
431 514 605 580 maximam
618 507 715 578 fidem
724 536 781 579 um
772 515 946 580 habebat.
965 513 1124 580 Dionae*

78 606 99 671 6
201 604 271 670 Has
298 609 368 669 tam
394 623 567 688 prosperas
595 605 728 685 tamque
755 601 940 686 inopinatas
968 623 1020 668 res
1049 625 1123 670 con·

114 698 225 760 secuta
248 696 299 757 est
322 691 431 757 subita
454 689 681 774 commutatio,
709 690 796 774 quod
817 689 951 756 fortuna
974 711 1033 756 sua
1055 714 1123 757 mo-

113 783 189 847 bilit
191 786 258 866 ate,
290 801 387 881 quem
418 778 515 862 paulo
548 781 623 842 ante
650 778 824 861 extulerat,
857 778 1043 864 demergere
1071 784 1123 844 est

78 871 236 937 redorta
272 869 415 952 primum
437 866 472 931 in
494 865 572 950 filio,
595 865 634 929 de
658 886 721 949 quo
741 867 992 931 commemorari
1015 888 1123 952 supra,

114 980 207 1024 suam
225 957 292 1022 vim
310 954 462 1020 exercuit.
493 975 570 1018 nam
584 975 658 1019 cunr
676 975 810 1018 uxorem
828 954 1019 1039 reduxisset,
1040 976 1122 1039 quae

114 1047 170 1111 alii
197 1045 304 1110 fuerat
331 1042 433 1107 tradit
418 1046 466 1126 ta,
495 1041 662 1124 filiumque
689 1041 788 1107 vellet
814 1063 965 1106 revocare
992 1043 1034 1107 ad
1061 1044 1123 1108 vir·

114 1138 219 1199 tutem
243 1153 262 1195 a
283 1130 411 1215 perdita
433 1130 575 1213 luxuria,
605 1130 730 1214 accepit
752 1130 982 1215 gravissimum
1004 1152 1123 1214 parens

79 1240 95 1289 o
113 1221 230 1287 vulnus
249 1221 355 1283 morte
373 1217 443 1282 filii.
473 1217 585 1282 deinde
605 1221 678 1282 orta
696 1217 854 1283 dissensio
874 1221 925 1282 est
943 1218 1031 1282 inter
1049 1241 1124 1284 eum

114 1313 148 1374 et
169 1306 389 1407 Heraclidem,
417 1306 487 1390 qui,
514 1304 600 1389 quod
623 1304 654 1370 ei
680 1305 901 1390 principatum
922 1327 989 1370 non
1012 1327 1124 1380 conoe-

114 1397 221 1480 debat,
243 1394 320 1460 fact
296 1398 420 1459 t1onem
439 1393 649 1477 comparavit
685 1414 789 1477 neque
807 1393 836 1457 is
860 1393 967 1458 minus
991 1393 1124 1459 valebat

114 1484 201 1569 apud
219 1483 403 1567 optimates,
422 1503 560 1566 quorum
579 1502 738 1546 consensu
755 1485 904 1564 praeerat
923 1482 1030 1566 classi,
1049 1504 1124 1562 oum

78 1572 202 1639 4Di0n
234 1571 411 1636 exercitum
447 1569 631 1654 pedestrem
663 1572 798 1634 teneret.
851 1590 918 1634 non
949 1569 1029 1635 tulit
1060 1558 1124 1636 boc

115 1661 223 1726 animo
247 1680 350 1743 aequo
374 1657 474 1742 Dion,
501 1661 535 1721 et
561 1677 690 1721 versum
717 1657 812 1722 illum
832 1655 970 1722 Homeri
993 1662 1044 1722 ret
1030 1658 1125 1723 ttulit

115 1771 155 1813 ex
177 1747 318 1814 secunda
341 1744 556 1829 rhapsodia,
547 1765 582 1808 m
604 1765 668 1827 quo
691 1743 771 1808 haec
790 1745 953 1809 sententia
971 1749 1035 1810 est:
1057 1767 1125 1812 non

114 1857 210 1920 posse
242 1836 324 1899 bene
356 1832 427 1917 geri
458 1852 528 1895 rem
562 1831 727 1914 publicam
758 1832 842 1896 mult
828 1836 937 1897 torum
968 1832 1125 1918 imperiis.

116 1923 202 2007 quod
234 1922 301 1986 dict
301 1942 357 1984 um
385 1939 505 2003 magna
536 1918 657 1983 invidia
687 1924 861 1985 consecuta
888 1924 951 1985 est:
982 1942 1125 2006 namque

116 2009 281 2093 aperuisse
304 2006 474 2071 videbatur
498 2006 607 2071 omnia
628 2007 663 2072 in
683 2028 742 2072 sua
759 2011 891 2091 potesta
872 2011 924 2072 ate
943 2029 1014 2074 esse
1032 2010 1125 2074 velle.

80 2097 199 2163 thane
226 2095 281 2159 ille
308 2116 376 2160 non
401 2095 503 2159 lenire
532 2095 703 2180 obsequio,
733 2095 788 2160 sed
816 2096 995 2161 acerbitate
1018 2098 1126 2181 oppri-

115 2205 202 2249 mere
222 2183 357 2266 studuit,
378 2182 657 2267 Heraclidemque,
680 2205 754 2248 cum
774 2181 952 2267 Syracusas
970 2186 1126 2270 venisset,

115 2271 380 2338 interficiundum
403 2271 538 2337 curavit.

81 2361 100 2425 7
205 2360 298 2437 Quod
315 2359 441 2426 factum
460 2360 609 2425 omnibus
628 2360 805 2425 maximum
824 2360 976 2425 timorem
994 2360 1125 2426 iniecit:

115 2472 210 2514 nemo
225 2449 312 2513 enim
325 2449 384 2513 illo
398 2447 571 2514 interfecto
586 2469 621 2512 se
635 2451 745 2513 tutum
762 2448 909 2532 putabat.
942 2447 999 2512 ille
1015 2451 1126 2513 autem

117 2537 300 2602 adversario
323 2541 449 2601 remoto
472 2536 624 2602 licentius
648 2557 760 2601 eorum
782 2536 877 2618 bona,
900 2556 981 2618 quos
1002 2536 1128 2602 sciebat

82 2626 269 2691 radversus
293 2647 327 2689 se
351 2625 500 2708 sensisse,
522 2623 683 2688 militibus
706 2623 900 2707 dispertivit.
939 2624 1058 2708 quibus
1082 2624 1128 2688 di-

116 2714 195 2778 visis
215 2734 288 2777 cum
307 2712 478 2776 cottidiani
500 2712 634 2776 maximi
656 2711 771 2776 fierent
794 2715 905 2794 sumpt
906 2733 954 2795 us,
978 2710 1128 2776 celeriter

116 2798 254 2885 pecunia
276 2799 386 2863 deesse
400 2799 532 2900 coepit,
557 2820 675 2883 neque,
703 2820 768 2883 quo
791 2821 906 2864 manus
934 2799 1127 2884 porrigeret,

117 2886 313 2971 suppetebat
344 2887 409 2950 nisi
441 2887 476 2951 in
508 2887 686 2951 amicorum
717 2887 949 2970 possessiones.
994 2886 1028 2950 id
1058 2887 1128 2950 eius

117 2974 204 3038 modi
232 2977 316 3057 erat,
346 2978 397 3058 ut,
425 2995 499 3038 cum
527 2975 649 3039 milites
677 2975 934 3058 reconciliasset,
962 2975 1130 3039 amitteret

82 3079 98 3128 a
118 3061 303 3146 optimates
341 3083 479 3145 quarum
501 3083 610 3127 rerum
634 3082 711 3126 cura
729 3063 910 3154 angebatur
925 3025 963 3126 'ec
980 3062 1129 3126 insuetus

117 3151 202 3215 male
226 3149 376 3214 audiendi
398 3171 465 3215 non
488 3149 596 3214 animo
621 3171 723 3232 aequo
747 3149 883 3234 ferebat,
890 3138 945 3214 de
969 3170 1003 3214 se
1027 3149 1109 3214 ab’'
1088 3169 1129 3212 ns

117 3240 201 3304 male
225 3238 415 3322 existimari,
439 3259 577 3321 quorum
600 3238 698 3321 paulo
722 3239 830 3301 ante
820 3261 855 3301 m
874 3200 1004 3302 caelum
1022 3236 1131 3299 fuerat

117 3328 222 3391 elatus
245 3326 404 3391 laudibus
436 3326 554 3410 vulgus
573 3329 684 3390 autem
703 3323 852 3389 offensa'
843 3345 878 3388 m
892 3344 967 3388 eum
985 3323 1131 3386 militum

116 3416 285 3480 voluntate
309 3414 444 3479 liberius
467 3414 664 3496 loquebatur
685 3416 718 3477 et
741 3415 917 3494 tyrannum
939 3432 1006 3475 non
1028 3409 1132 3474 feren·

109 3502 189 3563 dum
213 3501 295 3564 dion
298 3503 401 3567 tabat.
