2400 3922
125 217 167 280 10
400 213 435 270 11.
454 213 738 270 THEMISTOOLES.
766 221 844 270 4-6.

125 380 363 443 oppressurum.
404 356 467 422 hoc
490 379 528 424 eo
551 358 690 441 valebat,
713 361 750 422 ut
773 358 925 444 ingratiis
949 359 990 423 ad
1013 359 1133 446 depug-

88 447 266 512 onandum
294 461 405 512 omnes
429 449 628 532 cogerentur.
673 446 736 511 hac
762 468 797 510 re
825 447 936 511 audita
963 446 1132 530 barbarus,

123 535 206 598 nihil
234 534 300 599 doli
329 533 460 598 subesse
488 533 634 617 credens,
663 533 821 616 postridie
845 534 1044 599 alienissimo
1069 534 1132 599 sibi

123 623 210 706 loeo,
244 625 357 687 contra
388 621 663 705 opportunissimo
695 621 847 686 hostibus
880 622 958 686 adeo
992 626 1131 707 angusto

124 711 208 774 mari
227 709 382 792 conflixit,
404 712 442 772 ut
461 708 529 772 eins
548 707 724 773 multitudo
742 709 875 773 navium
893 710 1049 792 explicari
1066 731 1132 774 non

123 798 277 882 potuerit.
322 797 428 860 victus
456 816 533 880 crgo
562 800 613 860 est
640 797 744 882 magis
768 797 869 860 etiam
892 796 1028 862 oonsilio
1051 797 1132 861 'l'he-

124 885 269 951 mistocli
292 905 389 967 quam
413 883 512 947 armis
537 882 700 948 Graeciae.

84 972 106 1039 5
212 973 275 1037 Hic
299 972 361 1035 etsi
385 971 469 1034 male
492 992 561 1035 rem
584 975 746 1056 gesserat,
768 975 879 1037 tamen
902 977 1012 1038 tantas
1035 973 1132 1036 habe·

124 1062 182 1125 bat
213 1059 367 1140 reliquias
396 1058 576 1142 copiarum,
607 1062 646 1123 ut
675 1060 847 1124 etiamtum
876 1060 918 1125 iis
950 1060 1131 1144 opprimere

123 1151 237 1231 posset
263 1146 390 1210 hostes:
418 1146 537 1211 iterum
565 1146 606 1211 ab
635 1147 748 1212 eodem
771 1148 875 1232 gradu
897 1148 1049 1231 depulsus
1073 1152 1131 1212 est.

123 1256 200 1299 nam
218 1233 464 1316 Themistocles,
486 1255 599 1299 verens
617 1255 659 1298 ne
676 1234 797 1299 bellare
814 1239 1044 1318 perseveraret,
1068 1256 1132 1299 cer-

124 1322 243 1386 tiorem
262 1342 335 1385 eum
358 1320 437 1385 fecit
459 1321 493 1385 id
512 1322 574 1407 agi,
597 1324 635 1386 ut
652 1343 745 1406 pons,
768 1344 865 1406 quem
882 1324 937 1387 ille
955 1324 991 1386 in
1008 1322 1132 1386 Helles-

123 1413 225 1494 ponto
253 1408 389 1492 fecerat,
417 1408 648 1474 dissolveretur
678 1431 715 1475 ac
743 1410 849 1475 reditu
876 1412 911 1475 in
939 1410 1054 1475 Asiam
1083 1432 1132 1474 ex·

89 1513 105 1561 2
125 1498 317 1581 cluderetur,
335 1497 432 1580 idque
451 1497 481 1561 ei
499 1498 670 1582 persuasit.
694 1499 804 1583 itaque
820 1521 883 1583 qua
898 1520 953 1563 sex
967 1498 1130 1562 mensibus

123 1586 187 1649 iter
214 1584 350 1670 lecerat,
378 1586 490 1650 eadem
517 1587 624 1652 minus
651 1586 764 1651 diebus
792 1587 929 1670 triginta
955 1585 990 1647 in
1017 1584 1133 1649 Asiam

124 1696 272 1739 reversus
297 1677 348 1739 est
371 1695 468 1757 seque
488 1695 508 1737 a
525 1672 743 1737 Themistocle
765 1693 831 1735 non
855 1674 1051 1753 superatum,
1076 1673 1133 1734 sed

89 1777 105 1825 3
125 1766 352 1827 conservatum
365 1761 528 1824 iudicavit.
557 1760 604 1822 sic
618 1759 714 1822 unius
728 1757 790 1820 viri
807 1757 980 1840 prudentia
995 1754 1134 1822 Graecia

123 1850 263 1913 liberata
286 1850 336 1909 est
359 1844 573 1927 Europaeque
603 1843 774 1908 succubuit
796 1843 884 1907 Asia.
924 1843 1005 1908 haec
1029 1845 1133 1910 altera

123 1935 276 2016 victoria,
299 1952 380 2014 quae
405 1952 478 1994 cum
501 1930 708 1996 Marathonio
730 1931 837 2015 possit
860 1934 1043 2014 comparari
1067 1938 1132 1997 tro-

122 2041 213 2104 paeo.
254 2039 331 2083 nam
358 2019 429 2101 pari
457 2020 553 2082 modo
577 2020 662 2103 apud
686 2017 850 2085 Salamina
872 2040 973 2103 parvo
996 2042 1131 2085 numero

122 2107 255 2172 navium
278 2106 420 2171 maxima
442 2111 519 2191 post
540 2107 710 2172 hominum
733 2108 924 2173 memoriam
948 2108 1061 2174 classis
1081 2113 1132 2173 est

125 2195 261 2260 devicta.

84 2285 105 2348 6
212 2281 351 2370 Magnus
374 2284 438 2349 hoc
459 2284 546 2349 bello
565 2283 801 2350 Themistocles
821 2285 886 2350 fuit
903 2306 1007 2368 neque
1026 2285 1128 2348 minor

123 2372 158 2437 in
188 2393 277 2456 pace.
323 2393 396 2437 cum
428 2373 515 2437 enim
543 2372 713 2438 Phalerico
745 2377 844 2457 portu
875 2395 979 2456 neque
1012 2394 1129 2458 magno

122 2482 227 2543 neque
250 2463 336 2526 bono
355 2460 571 2526 Athenienses
593 2464 772 2543 uterentur,
794 2461 889 2524 huius
914 2460 1049 2523 consilio
1074 2460 1130 2523 tri-

122 2550 198 2633 plex
225 2548 333 2614 Piraei
364 2554 479 2632 portus
512 2549 710 2613 constitutus
743 2551 794 2610 est
824 2547 929 2627 iisque
961 2548 1130 2612 moenibus

124 2638 355 2717 circumdatus,
381 2640 420 2699 ut
446 2636 552 2718 ipsam
578 2635 693 2697 urbem
715 2633 874 2717 dignitate
898 2635 1131 2720 aequiperaret,

88 2739 104 2787 2
123 2724 268 2787 utilitate
287 2725 463 2803 superaret.
486 2721 572 2783 idem
589 2741 700 2783 muros
718 2717 966 2783 Atheniensium
985 2724 1131 2787 restituit

122 2809 297 2892 praecipuo
327 2826 386 2869 suo
413 2806 566 2888 periculo.
614 2826 754 2888 namque
783 2803 1031 2871 Lacedaemonii
1060 2832 1131 2875 cau·

123 2916 194 2959 sam
205 2894 355 2958 idoneam
365 2894 455 2957 nacti
466 2896 600 2976 propter
611 2892 825 2957 barbarorum
839 2895 1052 2980 excursiones,
1068 2920 1131 2981 qua

122 2985 281 3066 negarent
306 2983 456 3063 oportere
484 2984 575 3044 extra
601 2979 861 3064 Peloponnesum
887 2983 989 3046 ullam
1016 2987 1130 3050 urbem

123 3089 233 3134 muros
251 3069 381 3151 habere,
397 3088 439 3132 ne
458 3073 567 3133 essent
584 3069 656 3132 loca
674 3068 808 3153 munita,
827 3092 909 3153 quae
926 3071 1039 3136 hostes
1057 3095 1129 3156 pos·

124 3157 274 3240 siderent,
288 3155 504 3221 Athenienses
519 3156 724 3221 aedificantes
738 3156 909 3240 prohibere
924 3164 1002 3224 sunt
1011 3162 1128 3225 conati.

88 3263 105 3311 e
124 3246 186 3312 hoc
207 3245 305 3331 longe
324 3244 388 3308 alio
408 3244 577 3328 spectabat
596 3247 693 3327 atque
712 3245 814 3309 videri
832 3247 992 3311 volebant.
1029 3248 1129 3313 Athe-

123 3335 251 3400 nienses
280 3333 367 3398 enim
398 3332 521 3396 duabus
551 3333 711 3416 victoriis,
742 3332 948 3398 Marathonia
980 3339 1013 3399 et
1041 3334 1129 3400 Sala-

124 3423 232 3506 minia,
256 3426 382 3487 tantam
406 3421 545 3507 gloriam
568 3421 652 3504 apud
675 3442 786 3486 omnes
810 3427 922 3507 gentes
943 3427 1036 3487 erant
1056 3446 1128 3489 con·

119 3511 239 3592 secuti,
271 3516 310 3574 ut
341 3510 568 3596 intellegerent
596 3506 843 3574 Lacedaemonii
873 3510 911 3573 de
942 3512 1128 3596 principatu
