2400 3922
134 217 177 280 80
452 213 525 268 XIX.
544 213 715 271 PHOCION.
746 221 823 270 1-3.

133 360 287 445 Philippo
311 382 445 424 munera
467 381 605 445 magnae
637 358 791 443 pecuniae
815 358 1001 444 repudiaret
1028 361 1142 447 legati-

135 471 196 533 que
214 449 424 514 hortarentur
443 448 588 531 accipere
607 447 767 530 simulque
786 447 1006 532 admonerent,
1026 449 1055 512 si
1072 450 1142 534 ipse

133 537 175 601 iis
198 535 293 602 facile
318 540 451 621 careret,
474 536 586 600 liberis
609 539 720 600 tamen
743 535 810 600 suis
833 536 1051 621 prospiceret,
1076 539 1143 620 qui-

134 625 196 689 bus
218 623 350 688 difficile
374 628 461 690 esset
482 624 517 688 in
535 646 662 689 summa
680 627 872 706 paupertate
891 627 1019 689 tantam
1037 629 1143 709 pater-

100 727 116 775 4
134 734 211 778 nam
234 713 318 777 tueri
338 712 485 797 gloriam,
508 712 549 781 iis
568 712 623 776 ille
643 711 683 775 ‘si
702 711 766 776 mei
785 711 909 776 similes
929 716 1034 797 erunt,
1057 714 1143 778 idem

134 799 199 865 hic’
223 800 331 884 inquit
354 799 490 885 ‘agellus
514 800 588 864 illos
613 800 687 883 alet,
711 799 767 883 qui
790 822 841 864 me
865 800 906 864 ad
933 800 1017 865 hanc
1041 801 1143 887 digni-

136 892 238 954 tatem
260 888 425 972 perduxit,
457 888 512 988 sin¹
530 887 704 988 dissimiles
728 891 804 952 sunt
826 887 938 1003 lutur'i,
960 889 1038 954 nolo
1062 891 1142 955 meis

99 976 523 1148 impeidhsstffidt
538 997 717 1128 {sthur
731 975 968 1149 <idithum
984 1087 1143 1151 prospera

134 1151 335 1234 pervenisset
357 1149 503 1236 fortuna,
526 1151 679 1217 extremis
703 1152 905 1235 temporibus
928 1173 1086 1238 magnum
1108 1154 1143 1220 in

100 1254 116 1302 a
136 1239 245 1303 odium
260 1239 415 1320 'pervenit
438 1261 570 1304 suorum
593 1239 722 1323 civium,
743 1240 850 1322 primo
874 1241 960 1322 quod
984 1263 1059 1306 cum
1081 1240 1143 1307 De·

136 1326 228 1391 made
251 1326 290 1391 de
312 1327 392 1391 urbe
417 1327 572 1392 tradenda
585 1326 762 1411 Antipatro
782 1332 990 1393 consenserat
1009 1329 1143 1414 eiusque

136 1414 271 1479 consilio
285 1413 522 1480 Demosthenes
546 1438 619 1481 cum
642 1415 768 1499 ceteris,
791 1415 847 1498 qui
870 1416 951 1482 bene
975 1417 1014 1481 de
1033 1439 1068 1482 re
1087 1440 1143 1503 pu·

135 1502 221 1567 blica
248 1503 357 1567 meriti
386 1503 670 1586 existimabantur,
699 1503 813 1588 populi
840 1503 923 1569 scito
951 1504 1143 1570 inexilium

136 1595 228 1656 erant
256 1591 391 1675 expulsi.
435 1613 539 1675 neque
566 1593 601 1656 in
628 1613 666 1656 eo
695 1591 802 1656 solum
829 1591 1023 1677 offenderat,
1057 1593 1143 1676 quod

135 1679 260 1762 patriae
293 1680 378 1744 male
401 1680 621 1764 consuluerat,
649 1678 705 1744 sed
732 1679 832 1744 etiam
865 1679 950 1762 quod
978 1681 1142 1746 amicitiae

101 1781 115 1830 s
135 1768 232 1832 fidem
255 1789 321 1832 non
342 1767 561 1851 praestiterat.
603 1788 744 1849 namque
768 1771 881 1832 auctus
905 1768 1100 1852 adiutusque
1124 1792 1143 1834 a

134 1853 354 1919 Demosthene
378 1876 465 1937 eum,
489 1875 585 1936 quem
608 1854 755 1939 tenebat,
784 1855 974 1921 ascenderat
996 1857 1143 1942 gradum,

135 1963 209 2006 cum
237 1941 390 2005 adversus
413 1939 587 2006 Charetem
615 1963 688 2007 eum
716 1943 922 2008 subornaret:
959 1944 999 2008 ab
1028 1945 1143 2010 eodem

134 2030 169 2091 in
190 2027 332 2111 iudiciis,
360 2049 433 2092 cum
456 2028 572 2113 capitis
596 2051 728 2094 causam
751 2030 884 2116 diceret,
911 2030 1063 2098 defensus
1087 2033 1143 2098 ali·

136 2115 301 2200 quotiens,
333 2115 490 2182 liberatus
523 2118 724 2183 discesserat.
769 2119 855 2185 hunc
877 2141 944 2184 non
971 2120 1079 2185 solum
1108 2121 1142 2186 in

99 2203 287 2288 4periculis
314 2226 389 2269 non·
408 2204 564 2290 defendit,
594 2206 650 2271 sed
678 2206 777 2271 etiam
803 2207 955 2291 prodidit.
1001 2208 1143 2274 concidit

136 2297 245 2357 autem
275 2293 414 2357 maxime
441 2316 505 2359 uno
534 2294 681 2379 crimine,
713 2295 812 2378 quod,
845 2318 918 2361 cum
950 2295 1036 2380 apud
1068 2318 1144 2363 cum

136 2404 298 2447 summum
321 2385 406 2448 esset
428 2382 601 2466 imperium
629 2383 743 2467 populi
765 2383 852 2448 iussu
880 2386 913 2448 et
935 2382 1143 2469 Nicanorem,

136 2469 309 2535 Cassandri
330 2469 541 2555 praefectum,
563 2470 710 2535 insidiari
728 2469 843 2536 Piraeo
864 2471 1141 2554 [Atheniensium]

136 2581 155 2623 a
168 2557 309 2644 Dercylo
324 2562 510 2624 moneretur
528 2558 676 2642 idemque
690 2559 873 2643 postularet
891 2563 929 2624 ut
946 2560 1143 2649 provideret,

134 2668 175 2710 ne
199 2647 434 2712 commeatibus
458 2647 572 2711 civitas
594 2647 793 2731 privaretur,
815 2647 892 2711 huic
915 2648 1066 2714 audiente
1088 2671 1143 2734 po

135 2733 212 2816 pulo
236 2734 382 2800 Phocion
408 2756 449 2799 ne
474 2735 541 2799 avit
565 2755 635 2799 esse
662 2734 842 2819 periculum
870 2757 968 2819 seque
996 2736 1065 2801 eius
1096 2737 1144 2803 rei

15 2856 18 2862 -
101 2819 282 2884 sobsidern
313 2821 383 2886 fore
414 2755 580 2906 poilicitus
614 2826 672 2887 est.
717 2843 821 2905 neque
853 2823 900 2887 ita
929 2824 1035 2889 multo
1048 2908 1051 2912 Ι
1066 2830 1144 2909 post

136 2905 280 2971 Nicanor
302 2908 418 2973 Piraeo
441 2913 492 2973 est
517 2909 652 2992 potitus.
699 2910 738 2974 ad
766 2931 862 2993 quem
888 2912 1144 2996 recuperandum

137 3017 210 3060 cum
232 2996 372 3079 populus
396 2999 541 3061 armatus
564 2996 790 3082 concurrisset,
814 2998 868 3062 ille
891 3021 957 3064 non
976 3001 1072 3066 modo
1091 3023 1144 3066 ne·

136 3083 257 3148 minem
280 3082 320 3147 ad
344 3105 434 3148 arma
456 3083 594 3169 vocavit,
617 3084 674 3150 sed
691 3107 732 3149 ne
751 3087 886 3151 armatis
906 3087 1036 3171 quidem
1053 3111 1144 3173 prae·

137 3194 207 3237 esse
243 3171 356 3237 voluit.
409 3170 492 3251 [sine
525 3194 589 3256 quo
621 3172 769 3239 Athenae
807 3174 938 3239 omnino
971 3196 1042 3240 esse
1078 3199 1145 3242 non

102 3263 330 3413 gpossuEnppnt
357 3371 395 3414 eo
423 3352 570 3432 tempore
594 3348 733 3414 Athenis
757 3350 838 3415 duae
865 3349 1039 3437 factiones,
1068 3373 1145 3435 qua-

135 3460 209 3501 rum
236 3459 301 3501 una
325 3437 440 3522 populi
467 3458 597 3501 causam
625 3438 758 3523 agebat,
789 3438 893 3503 altera
925 3439 1144 3523 optimatium.

115 3522 154 3581 in
175 3523 243 3586 bae
266 3529 341 3589 erat
363 3525 516 3593 Phocion
540 3529 574 3592 et
596 3523 785 3592 Demetrius
807 3525 991 3592 Phalereus.
1027 3529 1145 3594 barum
