2400 3922
249 213 253 218 “
347 228 419 310 siu.
438 227 709 285 rususrnuuus.
740 235 764 284 s.
783 235 808 285 4.
1045 235 1088 300 33

76 371 418 438 Lacedaemoniorum.
458 373 487 436 is
509 372 596 436 inter
617 372 858 456 Thrasybulum
881 378 915 438 et
937 396 1007 461 eos,
1032 380 1087 461 qui

76 461 193 525 urbem
225 460 394 542 tenebant,
426 458 505 524 fecit
536 480 649 542 pacem
678 459 731 523 his
759 460 1015 528 condicionibus:
1046 488 1087 532 ne

77 548 135 632 qui
161 551 293 631 praeter
320 546 459 632 triginta
486 550 643 630 tyrannos
670 550 704 611 et
732 546 854 632 decem,
887 550 943 632 qui
971 555 1088 632 postea

76 639 246 720 praetores
270 634 371 699 creati
394 634 570 718 superioris
589 654 678 698 more
697 633 899 700 crudelitatis
918 636 1011 702 erant
1026 640 1087 723 usi,

78 722 287 788 afficerentur
315 722 411 786 exilio
438 743 518 786 neve
547 722 634 786 bona
665 722 922 805 publicarentur:
954 726 1001 789 rei
1030 748 1087 810 pu·

75 811 183 875 blicae
206 810 392 895 procuratio
415 809 537 893 populo
560 808 755 875 redderetur.
799 813 1002 894 praeclarum
1023 812 1121 880 hoca

77 918 206 982 quoquo
229 896 442 981 Thrasybuli,
466 896 552 980 quod
574 897 784 962 reconciliata
804 920 898 983 pace,
922 922 995 965 cum
1017 901 1086 984 plu-

75 986 198 1050 rimum
224 986 259 1050 in
282 985 415 1049 civitate
441 988 568 1068 posset,
597 984 704 1070 legem
731 985 823 1069 tulit,
849 1008 889 1051 ne
913 988 986 1071 quis
1010 993 1085 1053 ante

77 1077 226 1138 actarum
247 1093 356 1137 rerum
379 1075 585 1137 accusaretur
605 1093 685 1137 neve
712 1073 920 1159 multaretur,
950 1097 1085 1159 eamque

76 1161 127 1224 illi
154 1160 328 1225 oblivionis
355 1159 568 1244 appellarunt.
612 1181 715 1243 neque
738 1182 814 1225 vero
843 1162 927 1228 hanc
954 1168 1120 1230 tantuma

75 1247 243 1313 ferendam
270 1247 410 1331 curavit,
438 1247 494 1311 sed
521 1247 621 1312 etiam
643 1252 681 1311 ut
703 1248 826 1313 valeret
849 1250 963 1316 effecit.
1008 1274 1085 1316 nam

76 1357 152 1401 cum
174 1334 306 1419 quidam
333 1356 372 1400 ex
398 1334 453 1418 iis,
481 1335 537 1418 qui
565 1336 662 1400 simul
686 1357 759 1400 cum
782 1357 819 1401 eo
842 1337 877 1401 in
899 1339 996 1403 exilio
1019 1339 1085 1404 fue·

75 1426 166 1508 rant,
198 1423 328 1488 caedem
356 1421 461 1488 fecere
488 1444 601 1488 eorum
627 1399 762 1506 velient,
795 1445 869 1489 cum
900 1427 1018 1507 quibus
1049 1428 1085 1492 in

76 1510 219 1596 gratiam
245 1510 484 1575 reditum'erat
510 1509 652 1594 publice,
679 1510 849 1592 prohibuit
876 1516 910 1575 et
936 1513 970 1576 id
997 1514 1084 1596 quod
1172 1512 1177 1518 ’

75 1598 246 1682 pollicitus
269 1602 339 1663 erat
361 1597 535 1683 praestitit.

164 1685 251 1751 Huic
277 1707 337 1769 pro
365 1686 467 1750 tantis
494 1685 620 1750 meritis
648 1684 782 1749 honoris
805 1704 900 1749 causa
922 1702 1041 1750 corona
1064 1688 1123 1753 ad

74 1774 198 1857 populo
211 1774 289 1839 data
302 1777 361 1857 est,
379 1772 468 1838 facta
481 1773 605 1838 duabus
620 1772 756 1858 virgulis
771 1771 955 1858 oleagineis.
986 1794 1083 1856 quam

75 1861 164 1944 quod
196 1882 288 1926 amor
319 1861 438 1926 civium
470 1864 504 1924 et
534 1882 601 1925 non
629 1861 679 1925 vis
712 1865 928 1945 expresserat,
958 1861 1083 1927 nullam

75 1947 193 2014 habuit
214 1948 370 2014 invidiam
392 1968 574 2033 magnaque
591 1947 656 2012 fuit
674 1948 787 2034 gloria.
823 1950 904 2015 bene
923 1970 1000 2036 ergo
1015 1948 1082 2014 Pit
1101 1967 1118 2015 a

75 2039 170 2102 tacus
191 2035 257 2121 ille,
281 2036 337 2119 qui
359 2037 395 2100 ic
417 2038 542 2118 septem
565 2036 749 2119 sapientum
770 2058 905 2102 numero
924 2041 975 2102 est
992 2036 1082 2103 habi·

75 2127 149 2208 tus,
187 2144 261 2188 cum
291 2121 481 2207 Mytilenaei
512 2123 617 2188 multa
647 2123 737 2188 milia
770 2124 918 2210 iugerum
949 2126 1020 2211 agri
1052 2126 1082 2190 ei

76 2211 202 2275 muneri
230 2211 357 2294 darent,
381 2209 503 2296 ‘nolite
522 2232 579 2276 oro
598 2211 677 2294 vos,'
697 2211 804 2293 inquit
827 2210 871 2275 ‘id
894 2212 974 2276 mihi
997 2205 1082 2297 dare,

76 2297 164 2382 quod
176 2298 274 2362 multi
287 2297 461 2381 invideant,
478 2298 587 2381 plures
602 2298 701 2361 etiam
715 2298 951 2380 concupiscant.
983 2321 1081 2381 quare

75 2407 116 2450 ex
137 2386 212 2450 istis
234 2385 312 2450 nolo
336 2385 475 2469 amplius
503 2406 600 2469 quam
628 2388 757 2449 centum
784 2385 910 2468 iugera,
938 2406 1020 2467 quae
1047 2390 1082 2450 et

75 2495 183 2538 meam
215 2473 315 2538 animi
347 2472 546 2556 aequitatem
573 2476 607 2537 et
633 2475 774 2536 vestram
801 2471 1004 2537 voluntatem
1034 2474 1081 2536 in·

75 2559 205 2625 dicent?
248 2582 325 2626 nam
356 2582 457 2645 parva
483 2580 616 2625 munera
643 2559 781 2644 diutina,
812 2558 988 2643 locupletia
1014 2582 1081 2625 non

74 2648 301 2820 substet
324 2648 621 2819 lsslirlltdla
636 2648 1115 2820 bittl⁰tqtnttt⁸³

75 2843 174 2905 quam
191 2823 314 2888 honore
332 2844 367 2888 se
386 2823 823 2889 antecessisse-existimarit.
859 2824 913 2890 hic
932 2825 1080 2910 sequenti
1098 2838 1115 2889 4

74 2912 232 2994 tempore,
255 2932 328 2976 cum
350 2914 483 2995 praetor
505 2912 642 2976 classem
665 2911 706 2976 ad
728 2910 876 2978 ciliciam
900 2913 1080 2997 appulisset

72 3018 178 3080 neque
207 2998 288 3063 satis
315 2997 486 3084 diligenter
513 2999 548 3062 in
575 2998 690 3063 castris
714 2999 782 3063 eius
806 3004 978 3084 agerentur
1001 3001 1080 3086 vigi·

73 3083 151 3169 liae,
179 3106 199 3149 a
225 3085 373 3150 barbaris
401 3107 440 3149 ex
468 3085 585 3169 oppido
612 3090 712 3151 noctu
740 3088 908 3172 eruptione
935 3088 1023 3152 facta
1044 3089 1079 3150 in

74 3173 285 3239 tabernaculo
308 3171 499 3239 interfectus
523 3177 582 3238 est.
