2400 3922
133 222 177 286 60
409 218 469 276 XV.
487 218 762 274 EPAMINONDAS.
791 225 815 275 7.
836 225 861 273 8.

100 368 117 430 7
220 365 336 431 Fuisse
368 365 549 449 patientem
581 384 778 446 suorumque
815 363 951 428 iniurias
984 363 1146 430 ferentem

133 453 262 537 civium,
285 453 372 537 quod
395 473 429 517 se
449 452 575 537 patriae
594 451 692 516 irasci
707 450 799 515 nefas
815 471 885 516 esse
904 451 1045 535 duceret,
1063 452 1146 519 haec

134 546 211 606 sunt
229 541 427 606 testimonia
465 562 539 606 cum
558 560 632 604 eum
654 542 790 623 propter
811 540 969 605 invidiam
988 541 1074 605 cives
1094 541 1146 605 sui

132 630 308 713 praeficere
335 629 491 694 exercitui
517 628 700 693 noluissent
726 627 855 711 duxque
883 631 970 693 esset
1000 628 1145 694 delectus

133 718 213 782 belli
235 717 420 802 imperitus,
444 717 535 782 cuius
558 737 667 780 errore
689 735 738 780 res
761 737 799 780 eo
823 721 910 781 esset
933 716 1085 801 deducta,
1108 720 1147 781 ut

135 827 246 871 omnes
279 806 318 870 de
348 805 452 870 salute
483 804 764 887 pertimescerent,
797 804 884 887 quod
915 805 1062 869 locorum
1093 826 1147 870 an-

134 894 252 979 gustiis
285 894 386 958 clausi
418 891 458 956 ab
495 891 647 956 hostibus
680 892 932 977 obsidebantur,
969 893 1147 958 desiderari

134 986 250 1066 coepta
272 985 323 1045 est
341 979 586 1065 Epaminondae
609 979 793 1066 diligentia:
817 980 993 1045 eratenim
1017 980 1064 1044 ibi
1083 982 1148 1065 pri·

98 1073 229 1134 aratus
251 1090 386 1133 numero
406 1068 530 1133 militis.
564 1089 664 1152 aquo
684 1089 758 1132 cum
780 1071 931 1152 peterent
950 1090 1054 1153 opem,
1077 1069 1148 1134 nul·

133 1157 201 1221 lam
224 1156 374 1221 adhibuit
396 1156 587 1221 memoriam
606 1155 822 1221 contumeliae
841 1159 874 1220 et
893 1156 1072 1220 exercitum
1093 1157 1149 1221 ob-

98 1260 114 1308 3
134 1244 257 1310 sidione
276 1244 452 1309 liberatum
466 1245 599 1309 domum
617 1244 746 1309 reduxit
763 1244 968 1309 incolumem.
995 1265 1054 1308 nec
1069 1267 1148 1310 vero

132 1331 195 1397 hoc
226 1332 326 1396 semel
355 1332 448 1417 fecit,
480 1333 537 1398 sed
573 1332 712 1416 saepius
767 1333 907 1396 maxime
940 1335 1050 1396 autem
1083 1332 1149 1397 fuit

133 1419 271 1506 illustre,
293 1442 368 1487 cum
386 1421 421 1486 in
439 1419 701 1505 Peloponnesum
724 1421 902 1485 exercitum
925 1419 1071 1485 duxisset
1094 1420 1149 1485 ad·

133 1529 246 1574 versus
268 1507 542 1575 Lacedaemonios
565 1509 766 1592 haberetque
789 1508 932 1593 collegas
956 1507 1047 1592 duos,
1071 1530 1149 1592 quo·

133 1618 207 1661 rum
230 1598 314 1662 alter
337 1602 409 1662 erat
430 1597 618 1683 Pelopidas,
645 1598 696 1662 vir
723 1596 820 1661 fortis
844 1618 881 1661 ac
905 1600 1067 1661 strenuus.
1112 1597 1148 1661 hi

134 1707 209 1750 cum
232 1686 423 1752 criminibus
447 1686 707 1751 adversariorum
730 1705 841 1748 omnes
865 1685 900 1748 in
922 1685 1079 1749 invidiam
1097 1707 1147 1749 ve

133 1773 261 1837 nissent
284 1775 326 1838 ob
350 1794 485 1856 eamque
508 1793 577 1837 rem
596 1772 769 1855 imperium
788 1771 829 1835 iis
844 1775 931 1835 esset
950 1772 1149 1858 abrogatum

135 1864 234 1944 atque
267 1862 302 1924 in
333 1881 445 1924 eorum
476 1859 585 1924 locum
617 1858 674 1922 alii
704 1861 872 1941 praetores
905 1861 1149 1945 successissent,

99 1946 378 2030 4Epammondas
401 1945 515 2030 populi
539 1946 623 2011 scito
645 1966 712 2010 non
734 1946 846 2030 paruit
868 1945 1017 2030 idemque
1040 1953 1080 2013 ut
1103 1948 1148 2013 fa-

135 2037 246 2099 cerent
267 2035 431 2118 persuasit
454 2033 588 2119 collegis
612 2038 646 2098 et
668 2034 804 2119 bellum,
834 2034 921 2118 quod
949 2041 1148 2121 susceperat,

134 2121 246 2207 gessit.
279 2143 420 2205 namque
439 2121 729 2207 animadvertebat,
745 2122 811 2187 nisi
828 2122 861 2187 id
880 2121 1020 2207 fecisset,
1040 2128 1148 2189 totum

135 2210 313 2275 exercitum
335 2214 470 2295 propter
491 2215 680 2294 praetorum
698 2211 952 2295 imprudentiam
970 2212 1148 2278 inscitiam-

100 2312 197 2381 eque
230 2299 309 2363 belli
339 2299 530 2383 periturum.
575 2300 628 2364 lex
661 2303 732 2365 erat
759 2298 894 2383 Thebis,
927 2321 1008 2383 quae
1041 2305 1148 2366 morte

134 2387 311 2472 multabat,
335 2388 363 2452 si
387 2388 460 2472 quis
483 2388 658 2472 imperium
681 2387 804 2453 diutius
827 2388 1025 2472 retinuisset,
1049 2410 1149 2472 quam

134 2474 206 2561 lege
237 2475 447 2559 praefinitum
474 2476 569 2540 foret.
613 2477 698 2540 hanc
725 2475 969 2559 Epaminondas
998 2498 1073 2541 cum
1100 2477 1148 2541 rei

134 2563 284 2647 publicae
308 2563 547 2628 conservandae
570 2584 668 2628 causa
690 2562 793 2627 latam
816 2564 941 2627 videret
947 2614 957 2648 ,
979 2563 1021 2628 ad
1042 2565 1149 2647 perni-

136 2651 218 2716 ciem
246 2651 389 2715 civitatis
418 2649 559 2715 conferri
589 2651 697 2714 noluit
729 2653 763 2713 et
792 2654 949 2732 quattuor
981 2652 1148 2718 mensibus

135 2738 267 2820 diutius,
291 2759 389 2821 quam
411 2738 552 2821 populus
575 2738 725 2819 iusserat,
748 2737 853 2822 gessit
876 2738 1059 2821 imperium.

101 2825 121 2889 8
224 2823 405 2908 Postquam
428 2824 560 2889 domum
583 2824 726 2888 reditum
750 2828 809 2907 est,
832 2825 977 2911 collegae
996 2828 1065 2892 eius
1086 2828 1149 2894 hoa

136 2911 270 2976 crimine
290 2912 535 2977 accusabantur.
568 2912 687 2995 quibus
707 2911 763 2975 ille
783 2913 944 2997 permisit,
967 2918 1005 2979 ut
1019 2937 1148 2981 omnem

136 3020 267 3064 causam
290 3000 325 3063 in
348 3021 383 3064 se
406 2998 623 3064 transferrent
646 3020 769 3083 suaque
798 3022 897 3085 opera
923 3001 1049 3068 factum
1077 3025 1149 3071 con·

135 3087 315 3172 tenderent,
337 3091 376 3152 ut
394 3087 460 3174 legi
477 3109 544 3152 non
564 3086 762 3152 oboedirent.
799 3109 864 3172 qua
877 3089 1063 3156 defensioue
1082 3092 1149 3158 illis

135 3177 280 3262 periculo
312 3175 462 3240 liberatis
494 3196 590 3241 nemo
624 3174 885 3260 Epaminondam
917 3200 1151 3263 responsurum

101 3265 288 3350 aputabat,
313 3264 399 3365 quod
427 3264 505 3348 quid
533 3264 655 3330 diceret
685 3286 752 3330 non
778 3265 923 3330 haberet
969 3271 1005 3331 at
1031 3268 1089 3332 ille
1117 3268 1151 3333 in

136 3353 292 3418 iudicium
315 3352 418 3437 venit,
448 3352 532 3417 nihil
560 3374 672 3418 eorum
694 3354 839 3439 negavit,
867 3375 949 3437 quae
973 3356 1151 3422 adversarii

137 3441 266 3507 arimini
289 3442 420 3526 dabant,
444 3441 626 3526 omniaque,
645 3462 727 3525 quae
742 3442 886 3527 collegae
901 3443 1059 3529 dixerant,
1079 3466 1152 3510 con-

118 3525 235 3589 fessus
264 3533 320 3592 est
349 3551 459 3615 neque
493 3529 658 3597 recusauit
691 3531 863 3616 quominus
896 3531 979 3616 legis
1011 3554 1151 3617 poenam
