2400 3922
357 239 455 295 XVIII.
474 239 653 297 EUMENES.
683 248 759 298 aab.
1019 243 1061 306 ’13

55 384 205 466 micaret,
234 405 297 465 qno
324 384 398 466 plus
421 383 564 468 valebat,
592 405 690 468 quam
716 385 876 469 peditatu,
905 408 968 469 quo
993 392 1062 452 erat

55 470 206 535 deterior.

146 557 290 634 Quorum
315 559 471 623 acerrimo
495 580 654 625 concursu
673 582 746 625 cum
765 582 917 647 magnam
935 566 1062 645 partem
1080 564 1102 627 4

55 647 119 712 diei
143 652 230 711 esset
257 650 451 732 pugnatum,
480 647 566 712 cadit
589 646 741 713 Crateros
770 649 834 713 dux
861 654 895 715 et
917 649 1061 734 Neopto·

54 734 168 818 lomus,
192 735 247 817 qni
271 735 445 800 secundum
463 736 572 802 locum
589 736 718 821 imperii
737 737 877 802 tenebat.
909 760 981 802 cum
999 738 1062 803 hoc

56 823 220 887 concurrit
246 823 316 907 ipse
338 822 509 888 Eumenes.
556 824 611 907 qui
635 845 708 889 cum
735 826 878 890 11111111
902 826 1096 911 complexis

54 911 90 974 in
113 915 234 975 terram
257 933 296 975 ex
318 912 410 995 equis
428 912 631 996 decidissent,
654 917 692 978 ut
710 912 805 977 facile
825 914 972 998 intellegi
989 936 1062 998 pos·

56 1003 129 1063 sent
146 999 278 1064 1111111111
297 1004 405 1065 mente
425 999 629 1065 contendisse
648 1001 820 1084 animoque
839 1002 944 1086 magis
962 1003 1062 1067 etiam

54 1107 218 1172 pugnasse
251 1108 349 1170 quam
381 1109 532 1171 corporo,
568 1109 634 1152 non
669 1089 759 1172 prius
794 1089 944 1154 distracti
976 1093 1061 1173 sunt,

56 1196 153 1258 quam
171 1175 310 1240 alterum
329 1175 436 1239 anima
449 1175 654 1258 relinqueret.
678 1176 719 1240 ab
737 1177 800 1242 hoo
815 1177 940 1261 aliquot
954 1178 1061 1263 plagis

54 1262 216 1328 Eumenes
245 1263 446 1346 vulneratur,
472 1284 576 1346 neque
605 1284 642 1328 eo
666 1265 771 1348 magis
795 1286 834 1330 ex
863 1265 987 1349 proelio
1011 1287 1061 1329 ex-

55 1351 167 1435 cessit,
196 1351 252 1415 sed
280 1351 385 1414 acrius
413 1350 525 1414 hostes
548 1350 679 1414 institit.
723 1351 777 1415 hic
801 1354 965 1435 equitibus
989 1367 1096 1436 pro-a

54 1439 193 1524 filgatis,
221 1436 394 1501 Interfecto
417 1437 497 1501 duoe
521 1435 670 1521 Cratero,
697 1438 809 1502 multis
836 1445 1006 1523 praeterea
1028 1447 1062 1506 et

55 1528 194 1592 maxime
217 1525 382 1589 nobilibus
406 1525 509 1608 captis
532 1525 682 1607 pedester
710 1526 884 1611 1111111111,
915 1528 1000 1610 quod
1028 1529 1062 1592 in

53 1637 93 1680 ea
120 1616 193 1678 loca
220 1616 292 1677 erat
318 1612 488 1696 deductus,
520 1615 557 1675 ut
584 1613 687 1676 invito
711 1612 856 1678 Eumene
884 1615 969 1678 elabi
997 1636 1062 1679 non

52 1705 180 1787 posset,
207 1721 320 1784 pacem
343 1702 383 1764 ab
407 1722 445 1765 eo
468 1700 573 1785 petiit.
619 1722 717 1783 qnam
745 1722 818 1767 cum
845 1702 1062 1786 impetrasset,

54 1793 88 1855 in
110 1790 174 1854 fide
196 1810 262 1852 non
285 1788 405 1854 mansit
427 1792 460 1853 et
483 1810 533 1872 se,
564 1789 699 1853 simulac
721 1788 840 1873 potuit,
864 1789 904 1853 ad
927 1789 1065 1874 Antipa.

53 1884 142 1943 trum
166 1877 296 1960 recepit.
336 1875 498 1942 Eumenes
522 1875 692 1944 Craterum
716 1899 755 1942 111
780 1877 848 1942 1111
872 1878 1097 1943 semivivumr

55 1967 178 2031 elatum
201 1986 345 2031 recreare
369 1965 508 2049 studuit,
540 1987 613 2030 cum
636 1966 669 2030 id
691 1988 758 2030 non
780 1972 901 2052 posset,
923 1988 983 2050 pro
1006 1967 1062 2031 ho-

55 2054 151 2118 minis
175 2053 335 2138 dignitate
358 2074 482 2137 proque
504 2054 645 2136 pristina
667 2051 815 2120 amicitia
832 2051 985 2140 (namque
1004 2055 1061 2121 illo

54 2163 133 2207 usus
162 2145 232 2207 erat
254 2141 439 2206 Alexandro
467 2140 540 2204 rivo
568 2140 788 2227 familiarIter)
813 2143 921 2226 amplo
949 2143 1061 2209 funere

55 2230 174 2295 extulit
202 2250 338 2312 ossaque
367 2228 402 2292 in
424 2226 648 2291 Macedoniam
675 2230 769 2293 uxori
797 2230 865 2294 eius
889 2252 926 2296 ac
949 2231 1061 2295 liberis
1116 2273 1124 2286 ·

54 2318 192 2384 remisit.

101 2445 108 2456 ·
143 2405 233 2470 Haec
253 2406 329 2469 dum
344 2404 428 2489 apud
442 2401 693 2486 Hellespontum
707 2407 873 2488 geruntur,
891 2403 1060 2469 Perdiccas
1080 2403 1101 2469 5

55 2495 140 2580 apud
155 2493 269 2558 Nilum
291 2493 412 2557 flumen
434 2491 631 2556 interficitur
649 2513 669 2555 a
688 2489 822 2556 Seleuco
842 2496 876 2556 et
889 2489 1062 2577 Antigene,

55 2603 227 2665 rerumque
260 2602 386 2645 summa
418 2580 458 2644 ad
485 2579 697 2663 Antipatrum
729 2578 880 2643 defertur.
925 2579 978 2644 hic
1007 2581 1062 2663 qui

54 2692 117 2737 non
144 2671 364 2752 deseruerant,
397 2668 540 2734 exercitu
573 2667 762 2752 suffragium
794 2666 917 2732 ferente
945 2667 1061 2751 capItis

55 2761 208 2824 absentes
224 2757 428 2841 damnantur,
451 2757 485 2820 in
504 2756 550 2820 eis
569 2754 741 2820 Eumenes.
777 2756 839 2821 hac
861 2756 917 2821 ille
939 2756 1062 2841 percul-

56 2867 110 2913 sus
139 2847 237 2930 plaga
262 2866 329 2909 non
356 2845 528 2912 succubuit
550 2865 653 2928 neque
677 2866 714 2910 eo
739 2845 840 2910 setius
863 2845 986 2910 bellum
1009 2847 1062 2910 ad·

55 2934 263 2999 ministrarit.
305 2934 361 2998 sed
384 2932 483 2998 exiles
511 2955 562 2998 res
587 2933 686 2997 animi
709 2933 976 3018 magnitudinem,
999 2935 1062 2999 etsi

54 3045 121 3087 non
143 3021 353 3106 frangebant,
382 3025 492 3086 tamen
515 3021 713 3086 minuebant.
757 3021 843 3088 hunc
866 3043 1061 3106 persequens
1080 3034 1098 3082 2

55 3110 261 3196 Antigonus,
298 3131 371 3174 cum
404 3109 492 3172 omni
528 3130 645 3194 genere
678 3110 843 3193 copiarum
876 3110 1062 3192 abundaret,

55 3220 152 3282 saepe
175 3199 210 3262 111
232 3198 405 3262 itineribus
429 3197 616 3280 vexabatur,
637 3218 742 3280 neque
765 3219 919 3280 umquam
938 3197 978 3259 ud
997 3218 1062 3259 ma·

54 3308 134 3352 num
154 3286 304 3351 accedere
322 3285 443 3350 licebat
456 3284 520 3348 nisi
534 3284 575 3348 iis
589 3284 680 3368 locis,
703 3287 819 3367 quibus
833 3284 930 3367 pauci
949 3283 1061 3347 multis

55 3379 193 3460 possent
211 3373 372 3439 resistere.
409 3372 464 3438 sed
484 3374 628 3437 extremo
651 3377 807 3456 tempore,
830 3392 904 3436 cum
926 3370 1061 3436 consilio
1080 3386 1096 3435 3

56 3465 128 3547 capi
142 3485 209 3527 non
222 3465 343 3546 posset,
357 3459 565 3525 multitudine
579 3460 767 3525 circumitus
782 3461 840 3524 est.
863 3459 939 3523 hinc
954 3463 1063 3524 tamen

55 3551 169 3616 multis
194 3551 260 3615 suis
285 3549 413 3614 amissis
437 3570 471 3616 se
490 3547 656 3635 expedivit
673 3548 766 3613 etin
781 3544 1086 3617 castettuffim·
